
@article{zentner2014a,
  title = {Galaxy Assembly Bias: A Significant Source of Systematic Error in the Galaxy-Halo Relationship},
  volume = {443},
  issn = {0035-8711},
  shorttitle = {Galaxy Assembly Bias},
  doi = {10.1093/mnras/stu1383},
  journal = {Monthly Notices of the Royal Astronomical Society},
  author = {Zentner, Andrew R. and Hearin, Andrew P. and {van den Bosch}, Frank C.},
  month = oct,
  year = {2014},
  keywords = {cosmology: theory,dark matter,galaxies: evolution,galaxies: haloes,large-scale structure of Universe},
  pages = {3044-3067},
  file = {/Users/ChangHoon/Zotero/storage/IZ2PIQH4/Zentner et al. - 2014 - Galaxy assembly bias a significant source of syst.pdf}
}

@article{conroy2007,
  title = {Evolution in the {{Halo Masses}} of {{Isolated Galaxies}} between z \textasciitilde{} 1 and z \textasciitilde{} 0: {{From DEEP2}} to {{SDSS}}},
  volume = {654},
  issn = {0004-637X},
  shorttitle = {Evolution in the {{Halo Masses}} of {{Isolated Galaxies}} between z \textasciitilde{} 1 and z \textasciitilde{} 0},
  doi = {10.1086/509632},
  journal = {The Astrophysical Journal},
  author = {Conroy, Charlie and Prada, Francisco and Newman, Jeffrey A. and Croton, Darren and Coil, Alison L. and Conselice, Christopher J. and Cooper, Michael C. and Davis, Marc and Faber, S. M. and Gerke, Brian F. and Guhathakurta, Puragra and Klypin, Anatoly and Koo, David C. and Yan, Renbin},
  month = jan,
  year = {2007},
  keywords = {Galaxies: Evolution,Galaxies: Halos,Galaxies: Kinematics and Dynamics},
  pages = {153-171},
  file = {/Users/ChangHoon/Zotero/storage/T925G59V/Conroy et al. - 2007 - Evolution in the Halo Masses of Isolated Galaxies .pdf}
}

@article{vanuitert2011,
  title = {Galaxy-Galaxy Lensing Constraints on the Relation between Baryons and Dark Matter in Galaxies in the {{Red Sequence Cluster Survey}} 2},
  volume = {534},
  issn = {0004-6361},
  doi = {10.1051/0004-6361/201117308},
  journal = {Astronomy and Astrophysics},
  author = {{van Uitert}, E. and Hoekstra, H. and Velander, M. and Gilbank, D. G. and Gladders, M. D. and Yee, H. K. C.},
  month = oct,
  year = {2011},
  keywords = {galaxies: formation,galaxies: halos,gravitational lensing: weak},
  pages = {A14},
  file = {/Users/ChangHoon/Zotero/storage/9DPL849N/van Uitert et al. - 2011 - Galaxy-galaxy lensing constraints on the relation .pdf}
}

@article{wechsler2018,
  title = {The {{Connection}} between {{Galaxies}} and Their {{Dark Matter Halos}}},
  volume = {1804},
  journal = {ArXiv e-prints},
  author = {Wechsler, Risa H. and Tinker, Jeremy L.},
  month = apr,
  year = {2018},
  keywords = {Astrophysics - Astrophysics of Galaxies,Astrophysics - Cosmology and Nongalactic Astrophysics},
  pages = {arXiv:1804.03097},
  file = {/Users/ChangHoon/Zotero/storage/TNG6EG6M/Wechsler and Tinker - 2018 - The Connection between Galaxies and their Dark Mat.pdf}
}

@article{karim2011,
  title = {The {{Star Formation History}} of {{Mass}}-Selected {{Galaxies}} in the {{COSMOS Field}}},
  volume = {730},
  issn = {0004-637X},
  doi = {10.1088/0004-637X/730/2/61},
  journal = {The Astrophysical Journal},
  author = {Karim, A. and Schinnerer, E. and {Mart\'inez-Sansigre}, A. and Sargent, M. T. and {van der Wel}, A. and Rix, H.-W. and Ilbert, O. and Smol{\v c}i\'c, V. and Carilli, C. and Pannella, M. and Koekemoer, A. M. and Bell, E. F. and Salvato, M.},
  month = apr,
  year = {2011},
  keywords = {galaxies: evolution,surveys,galaxies: star formation,radio continuum: galaxies},
  pages = {61},
  file = {/Users/ChangHoon/Zotero/storage/ZDUWVW8L/Karim et al. - 2011 - The Star Formation History of Mass-selected Galaxi.pdf}
}

@article{mamon2004,
  title = {The Origin of {{H I}}-Deficiency in Galaxies on the Outskirts of the {{Virgo}} Cluster. {{I}}. {{How}} Far Can Galaxies Bounce out of Clusters?},
  volume = {414},
  issn = {0004-6361},
  doi = {10.1051/0004-6361:20034155},
  journal = {Astronomy and Astrophysics},
  author = {Mamon, G. A. and Sanchis, T. and {Salvador-Sol\'e}, E. and Solanes, J. M.},
  month = feb,
  year = {2004},
  keywords = {galaxies: evolution,methods: N-body simulations,methods: analytical},
  pages = {445-451},
  file = {/Users/ChangHoon/Zotero/storage/IIMH5DEW/Mamon et al. - 2004 - The origin of H I-deficiency in galaxies on the ou.pdf}
}

@article{somerville2012,
  title = {Galaxy Properties from the Ultraviolet to the Far-Infrared: {{$\Lambda$}} Cold Dark Matter Models Confront Observations},
  volume = {423},
  issn = {0035-8711},
  shorttitle = {Galaxy Properties from the Ultraviolet to the Far-Infrared},
  doi = {10.1111/j.1365-2966.2012.20490.x},
  journal = {Monthly Notices of the Royal Astronomical Society},
  author = {Somerville, Rachel S. and Gilmore, Rudy C. and Primack, Joel R. and Dom\'inguez, Alberto},
  month = jul,
  year = {2012},
  keywords = {cosmology: theory,galaxies: evolution,galaxies: formation,galaxies: high-redshift},
  pages = {1992-2015}
}

@article{mitra2015,
  title = {Equilibrium Model Constraints on Baryon Cycling across Cosmic Time},
  volume = {452},
  issn = {0035-8711},
  doi = {10.1093/mnras/stv1387},
  journal = {Monthly Notices of the Royal Astronomical Society},
  author = {Mitra, Sourav and Dav\'e, Romeel and Finlator, Kristian},
  month = sep,
  year = {2015},
  keywords = {galaxies: formation,galaxies: abundances- galaxies: evolution},
  pages = {1184-1200},
  file = {/Users/ChangHoon/Zotero/storage/FPUF72SJ/Mitra et al. - 2015 - Equilibrium model constraints on baryon cycling ac.pdf}
}

@article{leja2015,
  archivePrefix = {arXiv},
  eprinttype = {arxiv},
  eprint = {1407.1842},
  title = {Reconciling the {{Observed Star}}-Forming {{Sequence}} with the {{Observed Stellar Mass Function}}},
  volume = {798},
  doi = {10.1088/0004-637X/798/2/115},
  author = {Leja, J. and {van Dokkum}, P. G. and Franx, M. and Whitaker, K. E.},
  month = jan,
  year = {2015},
  keywords = {galaxies: evolution,galaxies: high-redshift,galaxies: star formation,galaxies: luminosity function,mass function},
  pages = {115},
  eid = {115},
  adsurl = {http://adsabs.harvard.edu/abs/2015ApJ...798..115L},
  adsnote = {Provided by the SAO/NASA Astrophysics Data System}
}

@article{crain2015,
  title = {The {{EAGLE}} Simulations of Galaxy Formation: Calibration of Subgrid Physics and Model Variations},
  volume = {450},
  issn = {0035-8711},
  shorttitle = {The {{EAGLE}} Simulations of Galaxy Formation},
  doi = {10.1093/mnras/stv725},
  journal = {Monthly Notices of the Royal Astronomical Society},
  author = {Crain, Robert A. and Schaye, Joop and Bower, Richard G. and Furlong, Michelle and Schaller, Matthieu and Theuns, Tom and Dalla Vecchia, Claudio and Frenk, Carlos S. and McCarthy, Ian G. and Helly, John C. and Jenkins, Adrian and {Rosas-Guevara}, Yetli M. and White, Simon D. M. and Trayford, James W.},
  month = jun,
  year = {2015},
  keywords = {cosmology: theory,galaxies: evolution,galaxies: haloes,galaxies: formation},
  pages = {1937-1961},
  file = {/Users/ChangHoon/Zotero/storage/UZCD2J6F/Crain et al. - 2015 - The EAGLE simulations of galaxy formation calibra.pdf}
}

@article{schaye2015,
  title = {The {{EAGLE}} Project: Simulating the Evolution and Assembly of Galaxies and Their Environments},
  volume = {446},
  issn = {0035-8711},
  shorttitle = {The {{EAGLE}} Project},
  doi = {10.1093/mnras/stu2058},
  journal = {Monthly Notices of the Royal Astronomical Society},
  author = {Schaye, Joop and Crain, Robert A. and Bower, Richard G. and Furlong, Michelle and Schaller, Matthieu and Theuns, Tom and Dalla Vecchia, Claudio and Frenk, Carlos S. and McCarthy, I. G. and Helly, John C. and Jenkins, Adrian and {Rosas-Guevara}, Y. M. and White, Simon D. M. and Baes, Maarten and Booth, C. M. and Camps, Peter and Navarro, Julio F. and Qu, Yan and Rahmati, Alireza and Sawala, Till and Thomas, Peter A. and Trayford, James},
  month = jan,
  year = {2015},
  keywords = {cosmology: theory,galaxies: evolution,galaxies: formation,methods: numerical},
  pages = {521-554},
  file = {/Users/ChangHoon/Zotero/storage/JYS58K2N/Schaye et al. - 2015 - The EAGLE project simulating the evolution and as.pdf}
}

@article{sparre2015,
  title = {The Star Formation Main Sequence and Stellar Mass Assembly of Galaxies in the {{Illustris}} Simulation},
  volume = {447},
  issn = {0035-8711},
  doi = {10.1093/mnras/stu2713},
  journal = {Monthly Notices of the Royal Astronomical Society},
  author = {Sparre, Martin and Hayward, Christopher C. and Springel, Volker and Vogelsberger, Mark and Genel, Shy and Torrey, Paul and Nelson, Dylan and Sijacki, Debora and Hernquist, Lars},
  month = mar,
  year = {2015},
  keywords = {cosmology: theory,galaxies: evolution,galaxies: formation,methods: numerical,galaxies: star formation,galaxies: starburst},
  pages = {3548-3563},
  file = {/Users/ChangHoon/Zotero/storage/9IRBBKR6/Sparre et al. - 2015 - The star formation main sequence and stellar mass .pdf}
}

@article{vogelsberger2014,
  title = {Introducing the {{Illustris Project}}: Simulating the Coevolution of Dark and Visible Matter in the {{Universe}}},
  volume = {444},
  issn = {0035-8711},
  shorttitle = {Introducing the {{Illustris Project}}},
  doi = {10.1093/mnras/stu1536},
  journal = {Monthly Notices of the Royal Astronomical Society},
  author = {Vogelsberger, Mark and Genel, Shy and Springel, Volker and Torrey, Paul and Sijacki, Debora and Xu, Dandan and Snyder, Greg and Nelson, Dylan and Hernquist, Lars},
  month = oct,
  year = {2014},
  keywords = {cosmology: theory,methods: numerical},
  pages = {1518-1547},
  file = {/Users/ChangHoon/Zotero/storage/BBFGGWMK/Vogelsberger et al. - 2014 - Introducing the Illustris Project simulating the .pdf}
}

@article{taylor2009,
  title = {The {{Rise}} of {{Massive Red Galaxies}}: {{The Color}}-{{Magnitude}} and {{Color}}-{{Stellar Mass Diagrams}} for z Phot {$\lessequivlnt$} 2 from the {{Multiwavelength Survey}} by {{Yale}}-{{Chile}}},
  volume = {694},
  issn = {0004-637X},
  shorttitle = {The {{Rise}} of {{Massive Red Galaxies}}},
  doi = {10.1088/0004-637X/694/2/1171},
  journal = {The Astrophysical Journal},
  author = {Taylor, Edward N. and Franx, Marijn and {van Dokkum}, Pieter G. and Bell, Eric F. and Brammer, Gabriel B. and Rudnick, Gregory and Wuyts, Stijn and Gawiser, Eric and Lira, Paulina and Urry, C. Megan and Rix, Hans-Walter},
  month = apr,
  year = {2009},
  keywords = {galaxies: evolution,galaxies: formation,galaxies: high-redshift,galaxies: luminosity function,mass function,galaxies: stellar content},
  pages = {1171-1199},
  file = {/Users/ChangHoon/Zotero/storage/LGM6UJDX/Taylor et al. - 2009 - The Rise of Massive Red Galaxies The Color-Magnit.pdf}
}

@article{madau2014,
  title = {Cosmic {{Star}}-{{Formation History}}},
  volume = {52},
  issn = {0066-4146},
  doi = {10.1146/annurev-astro-081811-125615},
  journal = {Annual Review of Astronomy and Astrophysics},
  author = {Madau, Piero and Dickinson, Mark},
  month = aug,
  year = {2014},
  pages = {415-486},
  file = {/Users/ChangHoon/Zotero/storage/GU3P5DFK/Madau and Dickinson - 2014 - Cosmic Star-Formation History.pdf}
}

@article{behroozi2013,
  title = {The {{Average Star Formation Histories}} of {{Galaxies}} in {{Dark Matter Halos}} from z = 0-8},
  volume = {770},
  issn = {0004-637X},
  doi = {10.1088/0004-637X/770/1/57},
  journal = {The Astrophysical Journal},
  author = {Behroozi, Peter S. and Wechsler, Risa H. and Conroy, Charlie},
  month = jun,
  year = {2013},
  keywords = {dark matter,galaxies: evolution,methods: numerical,galaxies: abundances},
  pages = {57},
  file = {/Users/ChangHoon/Zotero/storage/H6RCB66F/Behroozi et al. - 2013 - The Average Star Formation Histories of Galaxies i.pdf}
}

@article{hopkins2006,
  title = {On the {{Normalization}} of the {{Cosmic Star Formation History}}},
  volume = {651},
  issn = {0004-637X},
  doi = {10.1086/506610},
  journal = {The Astrophysical Journal},
  author = {Hopkins, Andrew M. and Beacom, John F.},
  month = nov,
  year = {2006},
  keywords = {Galaxies: Evolution,Galaxies: Starburst,Galaxies: Formation,Neutrinos,Stars: Supernovae: General},
  pages = {142-154},
  file = {/Users/ChangHoon/Zotero/storage/FC4KZRRM/Hopkins and Beacom - 2006 - On the Normalization of the Cosmic Star Formation .pdf}
}

@article{york2000,
  title = {The {{Sloan Digital Sky Survey}}: {{Technical Summary}}},
  volume = {120},
  issn = {0004-6256},
  shorttitle = {The {{Sloan Digital Sky Survey}}},
  doi = {10.1086/301513},
  journal = {The Astronomical Journal},
  author = {York, Donald G. and Adelman, J. and Anderson, Jr., John E. and Anderson, Scott F. and Annis, James and Bahcall, Neta A. and Bakken, J. A. and Barkhouser, Robert and Bastian, Steven and Berman, Eileen and Boroski, William N. and Bracker, Steve and Briegel, Charlie and Briggs, John W. and Brinkmann, J. and Brunner, Robert and Burles, Scott and Carey, Larry and Carr, Michael A. and Castander, Francisco J. and Chen, Bing and Colestock, Patrick L. and Connolly, A. J. and Crocker, J. H. and Csabai, Istv\'an and Czarapata, Paul C. and Davis, John Eric and Doi, Mamoru and Dombeck, Tom and Eisenstein, Daniel and Ellman, Nancy and Elms, Brian R. and Evans, Michael L. and Fan, Xiaohui and Federwitz, Glenn R. and Fiscelli, Larry and Friedman, Scott and Frieman, Joshua A. and Fukugita, Masataka and Gillespie, Bruce and Gunn, James E. and Gurbani, Vijay K. and {de Haas}, Ernst and Haldeman, Merle and Harris, Frederick H. and Hayes, J. and Heckman, Timothy M. and Hennessy, G. S. and Hindsley, Robert B. and Holm, Scott and Holmgren, Donald J. and Huang, Chi-hao and Hull, Charles and Husby, Don and Ichikawa, Shin-Ichi and Ichikawa, Takashi and Ivezi\'c, {\v Z}eljko and Kent, Stephen and Kim, Rita S. J. and Kinney, E. and Klaene, Mark and Kleinman, A. N. and Kleinman, S. and Knapp, G. R. and Korienek, John and Kron, Richard G. and Kunszt, Peter Z. and Lamb, D. Q. and Lee, B. and Leger, R. French and Limmongkol, Siriluk and Lindenmeyer, Carl and Long, Daniel C. and Loomis, Craig and Loveday, Jon and Lucinio, Rich and Lupton, Robert H. and MacKinnon, Bryan and Mannery, Edward J. and Mantsch, P. M. and Margon, Bruce and McGehee, Peregrine and McKay, Timothy A. and Meiksin, Avery and Merelli, Aronne and Monet, David G. and Munn, Jeffrey A. and Narayanan, Vijay K. and Nash, Thomas and Neilsen, Eric and Neswold, Rich and Newberg, Heidi Jo and Nichol, R. C. and Nicinski, Tom and Nonino, Mario and Okada, Norio and Okamura, Sadanori and Ostriker, Jeremiah P. and Owen, Russell and Pauls, A. George and Peoples, John and Peterson, R. L. and Petravick, Donald and Pier, Jeffrey R. and Pope, Adrian and Pordes, Ruth and Prosapio, Angela and Rechenmacher, Ron and Quinn, Thomas R. and Richards, Gordon T. and Richmond, Michael W. and Rivetta, Claudio H. and Rockosi, Constance M. and Ruthmansdorfer, Kurt and Sandford, Dale and Schlegel, David J. and Schneider, Donald P. and Sekiguchi, Maki and Sergey, Gary and Shimasaku, Kazuhiro and Siegmund, Walter A. and Smee, Stephen and Smith, J. Allyn and Snedden, S. and Stone, R. and Stoughton, Chris and Strauss, Michael A. and Stubbs, Christopher and SubbaRao, Mark and Szalay, Alexander S. and Szapudi, Istvan and Szokoly, Gyula P. and Thakar, Anirudda R. and Tremonti, Christy and Tucker, Douglas L. and Uomoto, Alan and Vanden Berk, Dan and Vogeley, Michael S. and Waddell, Patrick and Wang, Shu-i. and Watanabe, Masaru and Weinberg, David H. and Yanny, Brian and Yasuda, Naoki and {SDSS Collaboration}},
  month = sep,
  year = {2000},
  keywords = {Cosmology: Observations,Instrumentation: Miscellaneous},
  pages = {1579-1587},
  file = {/Users/ChangHoon/Zotero/storage/6ET5JPDU/York et al. - 2000 - The Sloan Digital Sky Survey Technical Summary.pdf}
}

@article{blanton2006,
  title = {Galaxies in {{SDSS}} and {{DEEP2}}: {{A Quiet Life}} on the {{Blue Sequence}}?},
  volume = {648},
  issn = {0004-637X},
  shorttitle = {Galaxies in {{SDSS}} and {{DEEP2}}},
  doi = {10.1086/505628},
  journal = {The Astrophysical Journal},
  author = {Blanton, Michael R.},
  month = sep,
  year = {2006},
  keywords = {Galaxies: Evolution},
  pages = {268-280},
  file = {/Users/ChangHoon/Zotero/storage/86PZDCFW/Blanton - 2006 - Galaxies in SDSS and DEEP2 A Quiet Life on the Bl.pdf}
}

@article{borch2006,
  title = {The Stellar Masses of 25 000 Galaxies at 0.2 {$\leq$} z {$\leq$} 1.0 Estimated by the {{COMBO}}-17 Survey},
  volume = {453},
  issn = {0004-6361},
  doi = {10.1051/0004-6361:20054376},
  journal = {Astronomy and Astrophysics},
  author = {Borch, A. and Meisenheimer, K. and Bell, E. F. and Rix, H.-W. and Wolf, C. and Dye, S. and Kleinheinrich, M. and Kovacs, Z. and Wisotzki, L.},
  month = jul,
  year = {2006},
  keywords = {galaxies: evolution,galaxies: luminosity function,mass function},
  pages = {869-881},
  file = {/Users/ChangHoon/Zotero/storage/SLA7REWD/Borch et al. - 2006 - The stellar masses of 25 000 galaxies at 0.2 ≤ z ≤.pdf}
}

@article{bundy2006,
  title = {The {{Mass Assembly History}} of {{Field Galaxies}}: {{Detection}} of an {{Evolving Mass Limit}} for {{Star}}-{{Forming Galaxies}}},
  volume = {651},
  issn = {0004-637X},
  shorttitle = {The {{Mass Assembly History}} of {{Field Galaxies}}},
  doi = {10.1086/507456},
  journal = {The Astrophysical Journal},
  author = {Bundy, Kevin and Ellis, Richard S. and Conselice, Christopher J. and Taylor, James E. and Cooper, Michael C. and Willmer, Christopher N. A. and Weiner, Benjamin J. and Coil, Alison L. and Noeske, Kai G. and Eisenhardt, Peter R. M.},
  month = nov,
  year = {2006},
  keywords = {Galaxies: Evolution,Galaxies: Formation,Cosmology: Observations},
  pages = {120-141},
  file = {/Users/ChangHoon/Zotero/storage/T8RWNZ3Q/Bundy et al. - 2006 - The Mass Assembly History of Field Galaxies Detec.pdf}
}

@article{wang2013,
  title = {Connecting Stellar Mass and Star-Formation Rate to Dark Matter Halo Mass out to z \texttildelow{} 2},
  volume = {431},
  issn = {0035-8711},
  doi = {10.1093/mnras/stt190},
  journal = {Monthly Notices of the Royal Astronomical Society},
  author = {Wang, L. and Farrah, D. and Oliver, S. J. and Amblard, A. and B\'ethermin, M. and Bock, J. and Conley, A. and Cooray, A. and Halpern, M. and Heinis, S. and Ibar, E. and Ilbert, O. and Ivison, R. J. and Marsden, G. and Roseboom, I. G. and {Rowan-Robinson}, M. and Schulz, B. and Smith, A. J. and Viero, M. and Zemcov, M.},
  month = may,
  year = {2013},
  keywords = {large-scale structure of Universe,cosmology: observations,infrared: galaxies,methods: statistical},
  pages = {648-661},
  file = {/Users/ChangHoon/Zotero/storage/P7QDKR6Y/Wang et al. - 2013 - Connecting stellar mass and star-formation rate to.pdf}
}

@article{schreiber2015,
  title = {The {{Herschel}} View of the Dominant Mode of Galaxy Growth from z = 4 to the Present Day},
  volume = {575},
  issn = {0004-6361},
  doi = {10.1051/0004-6361/201425017},
  journal = {Astronomy and Astrophysics},
  author = {Schreiber, C. and Pannella, M. and Elbaz, D. and B\'ethermin, M. and Inami, H. and Dickinson, M. and Magnelli, B. and Wang, T. and Aussel, H. and Daddi, E. and Juneau, S. and Shu, X. and Sargent, M. T. and Buat, V. and Faber, S. M. and Ferguson, H. C. and Giavalisco, M. and Koekemoer, A. M. and Magdis, G. and Morrison, G. E. and Papovich, C. and Santini, P. and Scott, D.},
  month = mar,
  year = {2015},
  keywords = {galaxies: evolution,methods: statistical,galaxies: starburst,galaxies: active},
  pages = {A74},
  file = {/Users/ChangHoon/Zotero/storage/862T7YNM/Schreiber et al. - 2015 - The Herschel view of the dominant mode of galaxy g.pdf}
}

@article{genel2014,
  title = {Introducing the {{Illustris}} Project: The Evolution of Galaxy Populations across Cosmic Time},
  volume = {445},
  issn = {0035-8711},
  shorttitle = {Introducing the {{Illustris}} Project},
  doi = {10.1093/mnras/stu1654},
  journal = {Monthly Notices of the Royal Astronomical Society},
  author = {Genel, Shy and Vogelsberger, Mark and Springel, Volker and Sijacki, Debora and Nelson, Dylan and Snyder, Greg and {Rodriguez-Gomez}, Vicente and Torrey, Paul and Hernquist, Lars},
  month = nov,
  year = {2014},
  keywords = {cosmology: theory,galaxies: evolution,galaxies: formation,galaxies: high-redshift,methods: numerical,hydrodynamics},
  pages = {175-200},
  file = {/Users/ChangHoon/Zotero/storage/39R2LCRC/Genel et al. - 2014 - Introducing the Illustris project the evolution o.pdf}
}

@article{kauffmann2003,
  title = {The Dependence of Star Formation History and Internal Structure on Stellar Mass for 105 Low-Redshift Galaxies},
  volume = {341},
  issn = {0035-8711},
  doi = {10.1046/j.1365-8711.2003.06292.x},
  journal = {Monthly Notices of the Royal Astronomical Society},
  author = {Kauffmann, Guinevere and Heckman, Timothy M. and White, Simon D. M. and Charlot, St\'ephane and Tremonti, Christy and Peng, Eric W. and Seibert, Mark and Brinkmann, Jon and Nichol, Robert C. and SubbaRao, Mark and York, Don},
  month = may,
  year = {2003},
  keywords = {galaxies: evolution,galaxies: formation,galaxies: stellar content},
  pages = {54-69},
  file = {/Users/ChangHoon/Zotero/storage/4P8CQWXH/Kauffmann et al. - 2003 - The dependence of star formation history and inter.pdf}
}

@article{blanton2003,
  title = {The {{Broadband Optical Properties}} of {{Galaxies}} with {{Redshifts}} 0.02},
  volume = {594},
  issn = {0004-637X},
  doi = {10.1086/375528},
  journal = {The Astrophysical Journal},
  author = {Blanton, Michael R. and Hogg, David W. and Bahcall, Neta A. and Baldry, Ivan K. and Brinkmann, J. and Csabai, Istv\'an and Eisenstein, Daniel and Fukugita, Masataka and Gunn, James E. and Ivezi\'c, {\v Z}eljko and Lamb, D. Q. and Lupton, Robert H. and Loveday, Jon and Munn, Jeffrey A. and Nichol, R. C. and Okamura, Sadanori and Schlegel, David J. and Shimasaku, Kazuhiro and Strauss, Michael A. and Vogeley, Michael S. and Weinberg, David H.},
  month = sep,
  year = {2003},
  keywords = {Galaxies: Fundamental Parameters,Galaxies: Photometry,Galaxies: Statistics},
  pages = {186-207},
  file = {/Users/ChangHoon/Zotero/storage/RQ8TTINC/Blanton et al. - 2003 - The Broadband Optical Properties of Galaxies with .pdf}
}

@article{whitaker2012,
  title = {The {{Star Formation Mass Sequence Out}} to z = 2.5},
  volume = {754},
  issn = {0004-637X},
  doi = {10.1088/2041-8205/754/2/L29},
  journal = {The Astrophysical Journal Letters},
  author = {Whitaker, Katherine E. and {van Dokkum}, Pieter G. and Brammer, Gabriel and Franx, Marijn},
  month = aug,
  year = {2012},
  keywords = {galaxies: evolution,galaxies: formation,galaxies: high-redshift},
  pages = {L29},
  file = {/Users/ChangHoon/Zotero/storage/XHJB2SYZ/Whitaker et al. - 2012 - The Star Formation Mass Sequence Out to z = 2.5.pdf}
}

@article{magdis2012,
  title = {The {{Evolving Interstellar Medium}} of {{Star}}-Forming {{Galaxies}} since z = 2 as {{Probed}} by {{Their Infrared Spectral Energy Distributions}}},
  volume = {760},
  issn = {0004-637X},
  doi = {10.1088/0004-637X/760/1/6},
  journal = {The Astrophysical Journal},
  author = {Magdis, Georgios E. and Daddi, E. and B\'ethermin, M. and Sargent, M. and Elbaz, D. and Pannella, M. and Dickinson, M. and Dannerbauer, H. and {da Cunha}, E. and Walter, F. and Rigopoulou, D. and Charmandaris, V. and Hwang, H. S. and Kartaltepe, J.},
  month = nov,
  year = {2012},
  keywords = {galaxies: evolution},
  pages = {6},
  file = {/Users/ChangHoon/Zotero/storage/C9T3MYY4/Magdis et al. - 2012 - The Evolving Interstellar Medium of Star-forming G.pdf}
}

@article{daddi2007,
  title = {Multiwavelength {{Study}} of {{Massive Galaxies}} at Z\textasciitilde{}2. {{I}}. {{Star Formation}} and {{Galaxy Growth}}},
  volume = {670},
  issn = {0004-637X},
  doi = {10.1086/521818},
  journal = {The Astrophysical Journal},
  author = {Daddi, E. and Dickinson, M. and Morrison, G. and Chary, R. and Cimatti, A. and Elbaz, D. and Frayer, D. and Renzini, A. and Pope, A. and Alexander, D. M. and Bauer, F. E. and Giavalisco, M. and Huynh, M. and Kurk, J. and Mignoli, M.},
  month = nov,
  year = {2007},
  keywords = {Galaxies: Evolution,Galaxies: Starburst,Galaxies: Formation,Cosmology: Observations,Galaxies: High-Redshift},
  pages = {156-172},
  file = {/Users/ChangHoon/Zotero/storage/3DHSJ5EM/Daddi et al. - 2007 - Multiwavelength Study of Massive Galaxies at z~2. .pdf}
}

@article{moster2017,
  archivePrefix = {arXiv},
  eprinttype = {arxiv},
  eprint = {1705.05373},
  primaryClass = {astro-ph},
  title = {{{EMERGE}} - {{An}} Empirical Model for the Formation of Galaxies since \$z\textbackslash{}sim10\$},
  journal = {arXiv:1705.05373 [astro-ph]},
  author = {Moster, Benjamin P. and Naab, Thorsten and White, Simon D. M.},
  month = may,
  year = {2017},
  keywords = {Astrophysics - Astrophysics of Galaxies},
  file = {/Users/ChangHoon/Zotero/storage/48WMEN72/Moster et al. - 2017 - EMERGE - An empirical model for the formation of g.pdf;/Users/ChangHoon/Zotero/storage/C5XF5NFJ/1705.html}
}

@article{somerville2015,
  archivePrefix = {arXiv},
  eprinttype = {arxiv},
  eprint = {1412.2712},
  title = {Physical {{Models}} of {{Galaxy Formation}} in a {{Cosmological Framework}}},
  volume = {53},
  issn = {0066-4146, 1545-4282},
  doi = {10.1146/annurev-astro-082812-140951},
  number = {1},
  journal = {Annual Review of Astronomy and Astrophysics},
  author = {Somerville, Rachel S. and Dav\'e, Romeel},
  month = aug,
  year = {2015},
  keywords = {Astrophysics - Astrophysics of Galaxies},
  pages = {51-113},
  file = {/Users/ChangHoon/Zotero/storage/DFKRR27K/Somerville and Davé - 2015 - Physical Models of Galaxy Formation in a Cosmologi.pdf;/Users/ChangHoon/Zotero/storage/QKHW8ZHC/1412.html}
}

@article{dempster1977,
  title = {Maximum {{Likelihood}} from {{Incomplete Data}} via the {{EM Algorithm}}},
  volume = {39},
  issn = {0035-9246},
  number = {1},
  journal = {Journal of the Royal Statistical Society. Series B (Methodological)},
  author = {Dempster, A. P. and Laird, N. M. and Rubin, D. B.},
  year = {1977},
  pages = {1-38}
}

@article{zheng2007,
  title = {Galaxy {{Evolution}} from {{Halo Occupation Distribution Modeling}} of {{DEEP2}} and {{SDSS Galaxy Clustering}}},
  volume = {667},
  issn = {0004-637X},
  doi = {10.1086/521074},
  journal = {The Astrophysical Journal},
  author = {Zheng, Zheng and Coil, Alison L. and Zehavi, Idit},
  month = oct,
  year = {2007},
  keywords = {galaxies: evolution,galaxies: halos,galaxies: statistics,Cosmology: Observations,COSMOLOGY: LARGE-SCALE STRUCTURE OF UNIVERSE,galaxies: distances and redshifts},
  pages = {760-779},
  file = {/Users/ChangHoon/Zotero/storage/PVWIS4UV/Zheng et al. - 2007 - Galaxy Evolution from Halo Occupation Distribution.pdf}
}

@article{wilkinson2017,
  archivePrefix = {arXiv},
  eprinttype = {arxiv},
  eprint = {1711.00865},
  primaryClass = {astro-ph},
  title = {Firefly ({{Fitting IteRativEly For Likelihood analYsis}}): A Full Spectral Fitting Code},
  shorttitle = {Firefly ({{Fitting IteRativEly For Likelihood analYsis}})},
  journal = {arXiv:1711.00865 [astro-ph]},
  author = {Wilkinson, David M. and Maraston, Claudia and Goddard, Daniel and Thomas, Daniel and Parikh, Taniya},
  month = nov,
  year = {2017},
  keywords = {Astrophysics - Astrophysics of Galaxies},
  file = {/Users/ChangHoon/Zotero/storage/6XCRHFFX/Wilkinson et al. - 2017 - Firefly (Fitting IteRativEly For Likelihood analYs.pdf;/Users/ChangHoon/Zotero/storage/4ZQQJ5I2/1711.html}
}

@article{ilbert2013,
  title = {Mass Assembly in Quiescent and Star-Forming Galaxies since z {$\simeq$} 4 from {{UltraVISTA}}},
  volume = {556},
  issn = {0004-6361},
  doi = {10.1051/0004-6361/201321100},
  journal = {Astronomy and Astrophysics},
  author = {Ilbert, O. and McCracken, H. J. and Le F\`evre, O. and Capak, P. and Dunlop, J. and Karim, A. and Renzini, M. A. and Caputi, K. and Boissier, S. and Arnouts, S. and Aussel, H. and Comparat, J. and Guo, Q. and Hudelot, P. and Kartaltepe, J. and Kneib, J. P. and Krogager, J. K. and Le Floc'h, E. and Lilly, S. and Mellier, Y. and {Milvang-Jensen}, B. and Moutard, T. and Onodera, M. and Richard, J. and Salvato, M. and Sanders, D. B. and Scoville, N. and Silverman, J. D. and Taniguchi, Y. and Tasca, L. and Thomas, R. and Toft, S. and Tresse, L. and Vergani, D. and Wolk, M. and Zirm, A.},
  month = aug,
  year = {2013},
  keywords = {galaxies: evolution,galaxies: formation,galaxies: star formation,galaxies: stellar content,galaxies: distances and redshifts},
  pages = {A55},
  file = {/Users/ChangHoon/Zotero/storage/4435MRGE/Ilbert et al. - 2013 - Mass assembly in quiescent and star-forming galaxi.pdf}
}

@article{muzzin2013,
  title = {The {{Evolution}} of the {{Stellar Mass Functions}} of {{Star}}-Forming and {{Quiescent Galaxies}} to z = 4 from the {{COSMOS}}/{{UltraVISTA Survey}}},
  volume = {777},
  issn = {0004-637X},
  doi = {10.1088/0004-637X/777/1/18},
  journal = {The Astrophysical Journal},
  author = {Muzzin, Adam and Marchesini, Danilo and Stefanon, Mauro and Franx, Marijn and McCracken, Henry J. and {Milvang-Jensen}, Bo and Dunlop, James S. and Fynbo, J. P. U. and Brammer, Gabriel and Labb\'e, Ivo and {van Dokkum}, Pieter G.},
  month = nov,
  year = {2013},
  keywords = {galaxies: evolution,galaxies: high-redshift,galaxies: luminosity function,mass function,galaxies: fundamental parameters},
  pages = {18},
  file = {/Users/ChangHoon/Zotero/storage/FAI6BNKN/Muzzin et al. - 2013 - The Evolution of the Stellar Mass Functions of Sta.pdf}
}

@article{vale2006,
  title = {The Non-Parametric Model for Linking Galaxy Luminosity with Halo/Subhalo Mass},
  volume = {371},
  issn = {0035-8711},
  doi = {10.1111/j.1365-2966.2006.10605.x},
  journal = {Monthly Notices of the Royal Astronomical Society},
  author = {Vale, A. and Ostriker, J. P.},
  month = sep,
  year = {2006},
  keywords = {cosmology: theory,dark matter,galaxies: haloes,large-scale structure of Universe,galaxies: haloes: cosmology: theory: dark matter: large-scale structure of Universe},
  pages = {1173-1187},
  file = {/Users/ChangHoon/Zotero/storage/N9EAF5HI/Vale and Ostriker - 2006 - The non-parametric model for linking galaxy lumino.pdf}
}

@article{wetzel2009,
  title = {Simulating Subhaloes at High Redshift: Merger Rates, Counts and Types},
  volume = {395},
  issn = {0035-8711},
  shorttitle = {Simulating Subhaloes at High Redshift},
  doi = {10.1111/j.1365-2966.2009.14424.x},
  journal = {Monthly Notices of the Royal Astronomical Society},
  author = {Wetzel, Andrew R. and Cohn, J. D. and White, Martin},
  month = may,
  year = {2009},
  keywords = {cosmology: theory,galaxies: haloes,galaxies: interactions,methods: N-body simulations},
  pages = {1376-1390},
  file = {/Users/ChangHoon/Zotero/storage/76D8UEVX/Wetzel et al. - 2009 - Simulating subhaloes at high redshift merger rate.pdf}
}

@article{white2010,
  title = {Cluster Galaxy Dynamics and the Effects of Large-Scale Environment},
  volume = {408},
  issn = {0035-8711},
  doi = {10.1111/j.1365-2966.2010.17248.x},
  journal = {Monthly Notices of the Royal Astronomical Society},
  author = {White, Martin and Cohn, J. D. and Smit, Renske},
  month = nov,
  year = {2010},
  keywords = {cosmology: theory,large-scale structure of Universe,galaxies: clusters: general},
  pages = {1818-1834},
  file = {/Users/ChangHoon/Zotero/storage/TWJM5VGM/White et al. - 2010 - Cluster galaxy dynamics and the effects of large-s.pdf}
}

@article{white2002,
  title = {The {{Mass Function}}},
  volume = {143},
  issn = {0067-0049},
  doi = {10.1086/342752},
  journal = {The Astrophysical Journal Supplement Series},
  author = {White, Martin},
  month = dec,
  year = {2002},
  keywords = {cosmology: theory,COSMOLOGY: LARGE-SCALE STRUCTURE OF UNIVERSE},
  pages = {241-255},
  file = {/Users/ChangHoon/Zotero/storage/MSC9CDTS/White - 2002 - The Mass Function.pdf}
}

@article{yang2005,
  title = {A Halo-Based Galaxy Group Finder: Calibration and Application to the {{2dFGRS}}},
  volume = {356},
  issn = {0035-8711},
  shorttitle = {A Halo-Based Galaxy Group Finder},
  doi = {10.1111/j.1365-2966.2005.08560.x},
  journal = {Monthly Notices of the Royal Astronomical Society},
  author = {Yang, Xiaohu and Mo, H. J. and {van den Bosch}, Frank C. and Jing, Y. P.},
  month = feb,
  year = {2005},
  keywords = {dark matter,galaxies: haloes,large-scale structure of the Universe,METHODS: STATISTICAL},
  pages = {1293-1307},
  file = {/Users/ChangHoon/Zotero/storage/JVDFJSPJ/Yang et al. - 2005 - A halo-based galaxy group finder calibration and .pdf}
}

@article{campbell2015,
  title = {Assessing Colour-Dependent Occupation Statistics Inferred from Galaxy Group Catalogues},
  volume = {452},
  issn = {0035-8711},
  doi = {10.1093/mnras/stv1091},
  journal = {Monthly Notices of the Royal Astronomical Society},
  author = {Campbell, Duncan and {van den Bosch}, Frank C. and Hearin, Andrew and Padmanabhan, Nikhil and Berlind, Andreas and Mo, H. J. and Tinker, Jeremy and Yang, Xiaohu},
  month = sep,
  year = {2015},
  keywords = {galaxies: evolution,galaxies: haloes,galaxies: clusters: general,galaxies: statistics,METHODS: STATISTICAL},
  pages = {444-469},
  file = {/Users/ChangHoon/Zotero/storage/Q4WQ958J/Campbell et al. - 2015 - Assessing colour-dependent occupation statistics i.pdf}
}

@article{wetzel2014,
  title = {Galaxy Evolution near Groups and Clusters: Ejected Satellites and the Spatial Extent of Environmental Quenching},
  volume = {439},
  issn = {0035-8711},
  shorttitle = {Galaxy Evolution near Groups and Clusters},
  doi = {10.1093/mnras/stu122},
  journal = {Monthly Notices of the Royal Astronomical Society},
  author = {Wetzel, Andrew R. and Tinker, Jeremy L. and Conroy, Charlie and {van den Bosch}, Frank C.},
  month = apr,
  year = {2014},
  keywords = {galaxies: evolution,galaxies: haloes,galaxies: star formation,galaxies: groups: general,methods: numerical- galaxies: clusters: general},
  pages = {2687-2700},
  file = {/Users/ChangHoon/Zotero/storage/3DJWTUFG/Wetzel et al. - 2014 - Galaxy evolution near groups and clusters ejected.pdf}
}

@article{wetzel2012,
  title = {Galaxy Evolution in Groups and Clusters: Star Formation Rates, Red Sequence Fractions and the Persistent Bimodality},
  volume = {424},
  issn = {0035-8711},
  shorttitle = {Galaxy Evolution in Groups and Clusters},
  doi = {10.1111/j.1365-2966.2012.21188.x},
  journal = {Monthly Notices of the Royal Astronomical Society},
  author = {Wetzel, Andrew R. and Tinker, Jeremy L. and Conroy, Charlie},
  month = jul,
  year = {2012},
  keywords = {galaxies: evolution,galaxies: haloes,galaxies: clusters: general,galaxies: star formation,galaxies: groups: general,METHODS: STATISTICAL},
  pages = {232-243},
  file = {/Users/ChangHoon/Zotero/storage/A3FGCJRZ/Wetzel et al. - 2012 - Galaxy evolution in groups and clusters star form.pdf}
}

@article{brinchmann2004,
  title = {The Physical Properties of Star-Forming Galaxies in the Low-Redshift {{Universe}}},
  volume = {351},
  issn = {0035-8711},
  doi = {10.1111/j.1365-2966.2004.07881.x},
  journal = {Monthly Notices of the Royal Astronomical Society},
  author = {Brinchmann, J. and Charlot, S. and White, S. D. M. and Tremonti, C. and Kauffmann, G. and Heckman, T. and Brinkmann, J.},
  month = jul,
  year = {2004},
  keywords = {galaxies: evolution,surveys,galaxies: general,galaxies: abundances,galaxies: fundamental parameters},
  pages = {1151-1179},
  file = {/Users/ChangHoon/Zotero/storage/Q98F9ZPF/Brinchmann et al. - 2004 - The physical properties of star-forming galaxies i.pdf}
}

@article{chabrier2003,
  title = {Galactic {{Stellar}} and {{Substellar Initial Mass Function}}},
  volume = {115},
  issn = {0004-6280},
  doi = {10.1086/376392},
  journal = {Publications of the Astronomical Society of the Pacific},
  author = {Chabrier, Gilles},
  month = jul,
  year = {2003},
  keywords = {galaxies: luminosity function,mass function,Invited Reviews},
  pages = {763-795},
  file = {/Users/ChangHoon/Zotero/storage/85R99S8V/Chabrier - 2003 - Galactic Stellar and Substellar Initial Mass Funct.pdf}
}

@article{blanton2007,
  title = {K-{{Corrections}} and {{Filter Transformations}} in the {{Ultraviolet}}, {{Optical}}, and {{Near}}-{{Infrared}}},
  volume = {133},
  issn = {0004-6256},
  doi = {10.1086/510127},
  journal = {The Astronomical Journal},
  author = {Blanton, Michael R. and Roweis, Sam},
  month = feb,
  year = {2007},
  keywords = {galaxies: statistics,Galaxies: Photometry,galaxies: fundamental parameters},
  pages = {734-754},
  file = {/Users/ChangHoon/Zotero/storage/KEU8VJ23/Blanton and Roweis - 2007 - K-Corrections and Filter Transformations in the Ul.pdf}
}

@article{tinker2011,
  title = {Are {{Halo}} and {{Galaxy Formation Histories Correlated}}?},
  volume = {1107},
  journal = {ArXiv e-prints},
  author = {Tinker, Jeremy and Wetzel, Andrew and Conroy, Charlie},
  month = jul,
  year = {2011},
  keywords = {Astrophysics - Cosmology and Extragalactic Astrophysics},
  pages = {arXiv:1107.5046},
  file = {/Users/ChangHoon/Zotero/storage/N3T6ZGHN/Tinker et al. - 2011 - Are Halo and Galaxy Formation Histories Correlated.pdf}
}

@article{abazajian2009,
  title = {The {{Seventh Data Release}} of the {{Sloan Digital Sky Survey}}},
  volume = {182},
  issn = {0067-0049},
  doi = {10.1088/0067-0049/182/2/543},
  journal = {The Astrophysical Journal Supplement Series},
  author = {Abazajian, Kevork N. and {Adelman-McCarthy}, Jennifer K. and Ag\"ueros, Marcel A. and Allam, Sahar S. and Allende Prieto, Carlos and An, Deokkeun and Anderson, Kurt S. J. and Anderson, Scott F. and Annis, James and Bahcall, Neta A. and {Bailer-Jones}, C. A. L. and Barentine, J. C. and Bassett, Bruce A. and Becker, Andrew C. and Beers, Timothy C. and Bell, Eric F. and Belokurov, Vasily and Berlind, Andreas A. and Berman, Eileen F. and Bernardi, Mariangela and Bickerton, Steven J. and Bizyaev, Dmitry and Blakeslee, John P. and Blanton, Michael R. and Bochanski, John J. and Boroski, William N. and Brewington, Howard J. and Brinchmann, Jarle and Brinkmann, J. and Brunner, Robert J. and Budav\'ari, Tam\'as and Carey, Larry N. and Carliles, Samuel and Carr, Michael A. and Castander, Francisco J. and Cinabro, David and Connolly, A. J. and Csabai, Istv\'an and Cunha, Carlos E. and Czarapata, Paul C. and Davenport, James R. A. and {de Haas}, Ernst and Dilday, Ben and Doi, Mamoru and Eisenstein, Daniel J. and Evans, Michael L. and Evans, N. W. and Fan, Xiaohui and Friedman, Scott D. and Frieman, Joshua A. and Fukugita, Masataka and G\"ansicke, Boris T. and Gates, Evalyn and Gillespie, Bruce and Gilmore, G. and Gonzalez, Belinda and Gonzalez, Carlos F. and Grebel, Eva K. and Gunn, James E. and Gy\"ory, Zsuzsanna and Hall, Patrick B. and Harding, Paul and Harris, Frederick H. and Harvanek, Michael and Hawley, Suzanne L. and Hayes, Jeffrey J. E. and Heckman, Timothy M. and Hendry, John S. and Hennessy, Gregory S. and Hindsley, Robert B. and Hoblitt, J. and Hogan, Craig J. and Hogg, David W. and Holtzman, Jon A. and Hyde, Joseph B. and Ichikawa, Shin-ichi and Ichikawa, Takashi and Im, Myungshin and Ivezi\'c, {\v Z}eljko and Jester, Sebastian and Jiang, Linhua and Johnson, Jennifer A. and Jorgensen, Anders M. and Juri\'c, Mario and Kent, Stephen M. and Kessler, R. and Kleinman, S. J. and Knapp, G. R. and Konishi, Kohki and Kron, Richard G. and Krzesinski, Jurek and Kuropatkin, Nikolay and Lampeitl, Hubert and Lebedeva, Svetlana and Lee, Myung Gyoon and Lee, Young Sun and French Leger, R. and L\'epine, S\'ebastien and Li, Nolan and Lima, Marcos and Lin, Huan and Long, Daniel C. and Loomis, Craig P. and Loveday, Jon and Lupton, Robert H. and Magnier, Eugene and Malanushenko, Olena and Malanushenko, Viktor and Mandelbaum, Rachel and Margon, Bruce and Marriner, John P. and {Mart\'inez-Delgado}, David and Matsubara, Takahiko and McGehee, Peregrine M. and McKay, Timothy A. and Meiksin, Avery and Morrison, Heather L. and Mullally, Fergal and Munn, Jeffrey A. and Murphy, Tara and Nash, Thomas and Nebot, Ada and Neilsen, Jr., Eric H. and Newberg, Heidi Jo and Newman, Peter R. and Nichol, Robert C. and Nicinski, Tom and {Nieto-Santisteban}, Maria and Nitta, Atsuko and Okamura, Sadanori and Oravetz, Daniel J. and Ostriker, Jeremiah P. and Owen, Russell and Padmanabhan, Nikhil and Pan, Kaike and Park, Changbom and Pauls, George and Peoples, Jr., John and Percival, Will J. and Pier, Jeffrey R. and Pope, Adrian C. and Pourbaix, Dimitri and Price, Paul A. and Purger, Norbert and Quinn, Thomas and Raddick, M. Jordan and Re Fiorentin, Paola and Richards, Gordon T. and Richmond, Michael W. and Riess, Adam G. and Rix, Hans-Walter and Rockosi, Constance M. and Sako, Masao and Schlegel, David J. and Schneider, Donald P. and Scholz, Ralf-Dieter and Schreiber, Matthias R. and Schwope, Axel D. and Seljak, Uro{\v s} and Sesar, Branimir and Sheldon, Erin and Shimasaku, Kazu and Sibley, Valena C. and Simmons, A. E. and Sivarani, Thirupathi and Allyn Smith, J. and Smith, Martin C. and Smol{\v c}i\'c, Vernesa and Snedden, Stephanie A. and Stebbins, Albert and Steinmetz, Matthias and Stoughton, Chris and Strauss, Michael A. and SubbaRao, Mark and Suto, Yasushi and Szalay, Alexander S. and Szapudi, Istv\'an and Szkody, Paula and Tanaka, Masayuki and Tegmark, Max and Teodoro, Luis F. A. and Thakar, Aniruddha R. and Tremonti, Christy A. and Tucker, Douglas L. and Uomoto, Alan and Vanden Berk, Daniel E. and Vandenberg, Jan and Vidrih, S. and Vogeley, Michael S. and Voges, Wolfgang and Vogt, Nicole P. and Wadadekar, Yogesh and Watters, Shannon and Weinberg, David H. and West, Andrew A. and White, Simon D. M. and Wilhite, Brian C. and Wonders, Alainna C. and Yanny, Brian and Yocum, D. R. and York, Donald G. and Zehavi, Idit and Zibetti, Stefano and Zucker, Daniel B.},
  month = jun,
  year = {2009},
  keywords = {atlases,catalogs,surveys},
  pages = {543-558},
  file = {/Users/ChangHoon/Zotero/storage/G5SZ3WKZ/Abazajian et al. - 2009 - The Seventh Data Release of the Sloan Digital Sky .pdf}
}

@article{blanton2005,
  title = {New {{York University Value}}-{{Added Galaxy Catalog}}: {{A Galaxy Catalog Based}} on {{New Public Surveys}}},
  volume = {129},
  issn = {0004-6256},
  shorttitle = {New {{York University Value}}-{{Added Galaxy Catalog}}},
  doi = {10.1086/429803},
  journal = {The Astronomical Journal},
  author = {Blanton, Michael R. and Schlegel, David J. and Strauss, Michael A. and Brinkmann, J. and Finkbeiner, Douglas and Fukugita, Masataka and Gunn, James E. and Hogg, David W. and Ivezi\'c, {\v Z}eljko and Knapp, G. R. and Lupton, Robert H. and Munn, Jeffrey A. and Schneider, Donald P. and Tegmark, Max and Zehavi, Idit},
  month = jun,
  year = {2005},
  keywords = {galaxies: statistics,Galaxies: Photometry,galaxies: distances and redshifts},
  pages = {2562-2578},
  file = {/Users/ChangHoon/Zotero/storage/MQCNIB9K/Blanton et al. - 2005 - New York University Value-Added Galaxy Catalog A .pdf}
}

@article{kravtsov2013,
  title = {The {{Size}}-{{Virial Radius Relation}} of {{Galaxies}}},
  volume = {764},
  issn = {0004-637X},
  doi = {10.1088/2041-8205/764/2/L31},
  journal = {The Astrophysical Journal Letters},
  author = {Kravtsov, Andrey V.},
  month = feb,
  year = {2013},
  keywords = {galaxies: formation,galaxies: halos,galaxies: structure},
  pages = {L31},
  file = {/Users/ChangHoon/Zotero/storage/274Z5IPC/Kravtsov - 2013 - The Size-Virial Radius Relation of Galaxies.pdf}
}

@article{wetzel2015,
  title = {The {{Physical Nature}} of the {{Cosmic Accretion}} of {{Baryons}} and {{Dark Matter}} into {{Halos}} and {{Their Galaxies}}},
  volume = {808},
  issn = {0004-637X},
  doi = {10.1088/0004-637X/808/1/40},
  journal = {The Astrophysical Journal},
  author = {Wetzel, Andrew R. and Nagai, Daisuke},
  month = jul,
  year = {2015},
  keywords = {cosmology: theory,galaxies: evolution,galaxies: formation,galaxies: halos,galaxies: general,METHODS: NUMERICAL},
  pages = {40},
  file = {/Users/ChangHoon/Zotero/storage/TD8SZSNT/Wetzel and Nagai - 2015 - The Physical Nature of the Cosmic Accretion of Bar.pdf}
}

@article{wetzel2010,
  archivePrefix = {arXiv},
  eprinttype = {arxiv},
  eprint = {0907.0702},
  title = {What Determines Satellite Galaxy Disruption?},
  volume = {403},
  issn = {00358711},
  doi = {10.1111/j.1365-2966.2009.16191.x},
  number = {2},
  journal = {Monthly Notices of the Royal Astronomical Society},
  author = {Wetzel, Andrew R. and White, Martin},
  month = feb,
  year = {2010},
  keywords = {Astrophysics - Astrophysics of Galaxies,Astrophysics - Cosmology and Nongalactic Astrophysics},
  pages = {1072-1088},
  file = {/Users/ChangHoon/Zotero/storage/AU76AZ5C/Wetzel and White - 2010 - What determines satellite galaxy disruption.pdf;/Users/ChangHoon/Zotero/storage/VNSDHEQU/0907.html}
}

@article{hill2017,
  archivePrefix = {arXiv},
  eprinttype = {arxiv},
  eprint = {1710.08421},
  primaryClass = {astro-ph},
  title = {The {{Mass Growth}} and {{Stellar Ages}} of {{Galaxies}}: {{Observations}} versus {{Simulations}}},
  shorttitle = {The {{Mass Growth}} and {{Stellar Ages}} of {{Galaxies}}},
  journal = {arXiv:1710.08421 [astro-ph]},
  author = {Hill, Allison R. and Muzzin, Adam and Franx, Marijn and Marchesini, Danilo},
  month = oct,
  year = {2017},
  keywords = {Astrophysics - Astrophysics of Galaxies},
  file = {/Users/ChangHoon/Zotero/storage/6793WMWU/Hill et al. - 2017 - The Mass Growth and Stellar Ages of Galaxies Obse.pdf;/Users/ChangHoon/Zotero/storage/GKJEXADX/1710.html}
}

@article{davis1985,
  title = {The Evolution of Large-Scale Structure in a Universe Dominated by Cold Dark Matter},
  volume = {292},
  issn = {0004-637X},
  doi = {10.1086/163168},
  journal = {The Astrophysical Journal},
  author = {Davis, M. and Efstathiou, G. and Frenk, C. S. and White, S. D. M.},
  month = may,
  year = {1985},
  keywords = {Astronomical Models,Red Shift,Galactic Clusters,Galactic Evolution,Many Body Problem,Cosmology,Computational Astrophysics,Computerized Simulation,Correlation,Mass Distribution,Mass To Light Ratios,Matter (Physics),Missing Mass (Astrophysics),Radial Velocity,Weak Interactions (Field Theory)},
  pages = {371-394}
}

@article{behroozi2010,
  title = {A {{Comprehensive Analysis}} of {{Uncertainties Affecting}} the {{Stellar Mass}}-{{Halo Mass Relation}} for 0 {$<$} z {$<$} 4},
  volume = {717},
  issn = {0004-637X},
  doi = {10.1088/0004-637X/717/1/379},
  journal = {The Astrophysical Journal},
  author = {Behroozi, Peter S. and Conroy, Charlie and Wechsler, Risa H.},
  month = jul,
  year = {2010},
  keywords = {dark matter,galaxies: evolution,galaxies: abundances,galaxies: stellar content},
  pages = {379-403},
  file = {/Users/ChangHoon/Zotero/storage/9F42MN92/Behroozi et al. - 2010 - A Comprehensive Analysis of Uncertainties Affectin.pdf}
}

@article{yang2009,
  title = {Galaxy {{Groups}} in the {{SDSS DR4}}. {{III}}. {{The Luminosity}} and {{Stellar Mass Functions}}},
  volume = {695},
  issn = {0004-637X},
  doi = {10.1088/0004-637X/695/2/900},
  journal = {The Astrophysical Journal},
  author = {Yang, Xiaohu and Mo, H. J. and {van den Bosch}, Frank C.},
  month = apr,
  year = {2009},
  keywords = {dark matter,large-scale structure of Universe,galaxies: halos,METHODS: STATISTICAL},
  pages = {900-916},
  file = {/Users/ChangHoon/Zotero/storage/T2P64KS5/Yang et al. - 2009 - Galaxy Groups in the SDSS DR4. III. The Luminosity.pdf}
}

@article{more2011,
  title = {Satellite Kinematics - {{III}}. {{Halo}} Masses of Central Galaxies in {{SDSS}}},
  volume = {410},
  issn = {0035-8711},
  doi = {10.1111/j.1365-2966.2010.17436.x},
  journal = {Monthly Notices of the Royal Astronomical Society},
  author = {More, Surhud and {van den Bosch}, Frank C. and Cacciato, Marcello and Skibba, Ramin and Mo, H. J. and Yang, Xiaohu},
  month = jan,
  year = {2011},
  keywords = {dark matter,galaxies: haloes,galaxies: structure,METHODS: STATISTICAL,galaxies: kinematics and dynamics},
  pages = {210-226},
  file = {/Users/ChangHoon/Zotero/storage/F8WM3DAG/More et al. - 2011 - Satellite kinematics - III. Halo masses of central.pdf}
}

@article{leauthaud2012,
  title = {New {{Constraints}} on the {{Evolution}} of the {{Stellar}}-to-Dark {{Matter Connection}}: {{A Combined Analysis}} of {{Galaxy}}-{{Galaxy Lensing}}, {{Clustering}}, and {{Stellar Mass Functions}} from z = 0.2 to z =1},
  volume = {744},
  issn = {0004-637X},
  shorttitle = {New {{Constraints}} on the {{Evolution}} of the {{Stellar}}-to-Dark {{Matter Connection}}},
  doi = {10.1088/0004-637X/744/2/159},
  journal = {The Astrophysical Journal},
  author = {Leauthaud, Alexie and Tinker, Jeremy and Bundy, Kevin and Behroozi, Peter S. and Massey, Richard and Rhodes, Jason and George, Matthew R. and Kneib, Jean-Paul and Benson, Andrew and Wechsler, Risa H. and Busha, Michael T. and Capak, Peter and Cort\^es, Marina and Ilbert, Olivier and Koekemoer, Anton M. and Le F\`evre, Oliver and Lilly, Simon and McCracken, Henry J. and Salvato, Mara and Schrabback, Tim and Scoville, Nick and Smith, Tristan and Taylor, James E.},
  month = jan,
  year = {2012},
  keywords = {dark matter,galaxies: evolution,galaxies: formation,gravitational lensing: weak,galaxies: luminosity function,mass function,galaxies: stellar content},
  pages = {159},
  file = {/Users/ChangHoon/Zotero/storage/ZZB7KQZZ/Leauthaud et al. - 2012 - New Constraints on the Evolution of the Stellar-to.pdf}
}

@article{reddick2013,
  title = {The {{Connection}} between {{Galaxies}} and {{Dark Matter Structures}} in the {{Local Universe}}},
  volume = {771},
  issn = {0004-637X},
  doi = {10.1088/0004-637X/771/1/30},
  journal = {The Astrophysical Journal},
  author = {Reddick, Rachel M. and Wechsler, Risa H. and Tinker, Jeremy L. and Behroozi, Peter S.},
  month = jul,
  year = {2013},
  keywords = {dark matter,large-scale structure of Universe,galaxies: formation,galaxies: halos,galaxies: groups: general,METHODS: STATISTICAL},
  pages = {30},
  file = {/Users/ChangHoon/Zotero/storage/VU5ADHA3/Reddick et al. - 2013 - The Connection between Galaxies and Dark Matter St.pdf}
}

@article{hahn2017a,
  archivePrefix = {arXiv},
  eprinttype = {arxiv},
  eprint = {1607.01782},
  title = {Approximate {{Bayesian Computation}} in {{Large Scale Structure}}: Constraining the Galaxy-Halo Connection},
  volume = {469},
  issn = {0035-8711, 1365-2966},
  shorttitle = {Approximate {{Bayesian Computation}} in {{Large Scale Structure}}},
  doi = {10.1093/mnras/stx894},
  number = {3},
  journal = {Monthly Notices of the Royal Astronomical Society},
  author = {Hahn, ChangHoon and Vakili, Mohammadjavad and Walsh, Kilian and Hearin, Andrew P. and Hogg, David W. and Campbell, Duncan},
  month = aug,
  year = {2017},
  keywords = {Astrophysics - Cosmology and Nongalactic Astrophysics},
  pages = {2791-2805},
  file = {/Users/ChangHoon/Zotero/storage/7PC9B39G/Hahn et al. - 2017 - Approximate Bayesian Computation in Large Scale St.pdf;/Users/ChangHoon/Zotero/storage/HPNZWAZN/1607.html}
}

@article{li2009,
  title = {The Distribution of Stellar Mass in the Low-Redshift {{Universe}}},
  volume = {398},
  issn = {0035-8711},
  doi = {10.1111/j.1365-2966.2009.15268.x},
  journal = {Monthly Notices of the Royal Astronomical Society},
  author = {Li, Cheng and White, Simon D. M.},
  month = oct,
  year = {2009},
  keywords = {cosmology: theory,dark matter,large-scale structure of Universe,galaxies: clusters: general,galaxies: distances and redshifts},
  pages = {2177-2187},
  file = {/Users/ChangHoon/Zotero/storage/3ARRRA7R/Li and White - 2009 - The distribution of stellar mass in the low-redshi.pdf}
}

@article{moustakas2013,
  title = {{{PRIMUS}}: {{Constraints}} on {{Star Formation Quenching}} and {{Galaxy Merging}}, and the {{Evolution}} of the {{Stellar Mass Function}} from z = 0-1},
  volume = {767},
  issn = {0004-637X},
  shorttitle = {{{PRIMUS}}},
  doi = {10.1088/0004-637X/767/1/50},
  journal = {The Astrophysical Journal},
  author = {Moustakas, John and Coil, Alison L. and Aird, James and Blanton, Michael R. and Cool, Richard J. and Eisenstein, Daniel J. and Mendez, Alexander J. and Wong, Kenneth C. and Zhu, Guangtun and Arnouts, St\'ephane},
  month = apr,
  year = {2013},
  keywords = {galaxies: evolution,large-scale structure of Universe,surveys,galaxies: high-redshift},
  pages = {50},
  file = {/Users/ChangHoon/Zotero/storage/QT9SQZBT/Moustakas et al. - 2013 - PRIMUS Constraints on Star Formation Quenching an.pdf}
}

@article{noeske2007,
  title = {Star {{Formation}} in {{AEGIS Field Galaxies}} since Z=1.1: {{The Dominance}} of {{Gradually Declining Star Formation}}, and the {{Main Sequence}} of {{Star}}-Forming {{Galaxies}}},
  volume = {660},
  issn = {0004-637X},
  shorttitle = {Star {{Formation}} in {{AEGIS Field Galaxies}} since Z=1.1},
  doi = {10.1086/517926},
  journal = {The Astrophysical Journal Letters},
  author = {Noeske, K. G. and Weiner, B. J. and Faber, S. M. and Papovich, C. and Koo, D. C. and Somerville, R. S. and Bundy, K. and Conselice, C. J. and Newman, J. A. and Schiminovich, D. and Le Floc'h, E. and Coil, A. L. and Rieke, G. H. and Lotz, J. M. and Primack, J. R. and Barmby, P. and Cooper, M. C. and Davis, M. and Ellis, R. S. and Fazio, G. G. and Guhathakurta, P. and Huang, J. and Kassin, S. A. and Martin, D. C. and Phillips, A. C. and Rich, R. M. and Small, T. A. and Willmer, C. N. A. and Wilson, G.},
  month = may,
  year = {2007},
  keywords = {galaxies: evolution,galaxies: formation,galaxies: high-redshift,Galaxies: Starburst},
  pages = {L43-L46},
  file = {/Users/ChangHoon/Zotero/storage/II56VX55/Noeske et al. - 2007 - Star Formation in AEGIS Field Galaxies since z=1.1.pdf}
}

@article{wetzel2013,
  title = {Galaxy Evolution in Groups and Clusters: Satellite Star Formation Histories and Quenching Time-Scales in a Hierarchical {{Universe}}},
  volume = {432},
  issn = {0035-8711},
  shorttitle = {Galaxy Evolution in Groups and Clusters},
  doi = {10.1093/mnras/stt469},
  journal = {Monthly Notices of the Royal Astronomical Society},
  author = {Wetzel, Andrew R. and Tinker, Jeremy L. and Conroy, Charlie and {van den Bosch}, Frank C.},
  month = jun,
  year = {2013},
  keywords = {galaxies: evolution,galaxies: haloes,galaxies: clusters: general,galaxies: star formation,galaxies: groups: general,METHODS: NUMERICAL},
  pages = {336-358},
  file = {/Users/ChangHoon/Zotero/storage/TTT3JM85/Wetzel et al. - 2013 - Galaxy evolution in groups and clusters satellite.pdf}
}

@article{salim2007,
  archivePrefix = {arXiv},
  eprinttype = {arxiv},
  eprint = {0704.3611},
  title = {{{UV Star Formation Rates}} in the {{Local Universe}}},
  volume = {173},
  issn = {0067-0049, 1538-4365},
  doi = {10.1086/519218},
  number = {2},
  journal = {The Astrophysical Journal Supplement Series},
  author = {Salim, Samir and Rich, R. Michael and Charlot, St\'ephane and Brinchmann, Jarle and Johnson, Benjamin D. and Schiminovich, David and Seibert, Mark and Mallery, Ryan and Heckman, Timothy M. and Forster, Karl and Friedman, Peter G. and Martin, D. Christopher and Morrissey, Patrick and Neff, Susan G. and Small, Todd and Wyder, Ted K. and Bianchi, Luciana and Donas, Jose and Lee, Young-Wook and Madore, Barry F. and Milliard, Bruno and Szalay, Alex S. and Welsh, Barry Y. and Yi, Sukyoung K.},
  month = dec,
  year = {2007},
  keywords = {Astrophysics},
  pages = {267-292},
  file = {/Users/ChangHoon/Zotero/storage/3SKF54HS/Salim et al. - 2007 - UV Star Formation Rates in the Local Universe.pdf;/Users/ChangHoon/Zotero/storage/X53CZAIF/0704.html}
}

@article{bisigello2017a,
  archivePrefix = {arXiv},
  eprinttype = {arxiv},
  eprint = {1706.06154},
  primaryClass = {astro-ph},
  title = {Analysis of the {{SFR}} - {{M}}* Plane at Z{$<$}3: Single Fitting versus Multi-{{Gaussian}} Decomposition},
  shorttitle = {Analysis of the {{SFR}} - {{M}}* Plane at Z{$<$}3},
  journal = {arXiv:1706.06154 [astro-ph]},
  author = {Bisigello, L. and Caputi, K. I. and Grogin, N. and Koekemoer, A.},
  month = jun,
  year = {2017},
  keywords = {Astrophysics - Astrophysics of Galaxies},
  file = {/Users/ChangHoon/Zotero/storage/TDR68U8U/Bisigello et al. - 2017 - Analysis of the SFR - M plane at z3 single fitt.pdf;/Users/ChangHoon/Zotero/storage/528V346X/1706.html}
}

@article{hahn2017b,
  archivePrefix = {arXiv},
  eprinttype = {arxiv},
  eprint = {1609.04398},
  title = {Star {{Formation Quenching Timescale}} of {{Central Galaxies}} in a {{Hierarchical Universe}}},
  volume = {841},
  issn = {1538-4357},
  doi = {10.3847/1538-4357/aa6d6b},
  number = {1},
  journal = {The Astrophysical Journal},
  author = {Hahn, ChangHoon and Tinker, Jeremy L. and Wetzel, Andrew R.},
  month = may,
  year = {2017},
  keywords = {Astrophysics - Astrophysics of Galaxies},
  pages = {6},
  file = {/Users/ChangHoon/Zotero/storage/AF8DNENI/Hahn et al. - 2017 - Star Formation Quenching Timescale of Central Gala.pdf;/Users/ChangHoon/Zotero/storage/7CSNMG5V/1609.html}
}

@article{abramson2015,
  title = {Matching the {{Evolution}} of the {{Stellar Mass Function Using Log}}-{{Normal Star Formation Histories}}},
  volume = {801},
  issn = {0004-637X},
  doi = {10.1088/2041-8205/801/1/L12},
  journal = {The Astrophysical Journal Letters},
  author = {Abramson, Louis E. and Gladders, Michael D. and Dressler, Alan and Oemler, Jr., Augustus and Poggianti, Bianca and Vulcani, Benedetta},
  month = mar,
  year = {2015},
  keywords = {galaxies: evolution,galaxies: star formation,galaxies: luminosity function,mass function},
  pages = {L12},
  file = {/Users/ChangHoon/Zotero/storage/E5MPMAGH/Abramson et al. - 2015 - Matching the Evolution of the Stellar Mass Functio.pdf}
}

@article{martin2017a,
  archivePrefix = {arXiv},
  eprinttype = {arxiv},
  eprint = {1708.09396},
  primaryClass = {astro-ph},
  title = {The Limited Role of Galaxy Mergers in Driving Stellar Mass Growth over Cosmic Time},
  journal = {arXiv:1708.09396 [astro-ph]},
  author = {Martin, G. and Kaviraj, S. and Devriendt, J. E. G. and Dubois, Y. and Laigle, C. and Pichon, C.},
  month = aug,
  year = {2017},
  keywords = {Astrophysics - Astrophysics of Galaxies},
  file = {/Users/ChangHoon/Zotero/storage/243PEDT3/Martin et al. - 2017 - The limited role of galaxy mergers in driving stel.pdf;/Users/ChangHoon/Zotero/storage/33PGPSCQ/1708.html}
}

@article{gladders2013,
  title = {The {{IMACS Cluster Building Survey}}. {{IV}}. {{The Log}}-Normal {{Star Formation History}} of {{Galaxies}}},
  volume = {770},
  issn = {0004-637X},
  doi = {10.1088/0004-637X/770/1/64},
  journal = {The Astrophysical Journal},
  author = {Gladders, Michael D. and Oemler, Augustus and Dressler, Alan and Poggianti, Bianca and Vulcani, Benedetta and Abramson, Louis},
  month = jun,
  year = {2013},
  keywords = {galaxies: evolution,galaxies: formation,galaxies: statistics},
  pages = {64},
  file = {/Users/ChangHoon/Zotero/storage/HXCHSB3I/Gladders et al. - 2013 - The IMACS Cluster Building Survey. IV. The Log-nor.pdf}
}

@article{tinker2013,
  title = {Evolution of the {{Stellar}}-to-Dark {{Matter Relation}}: {{Separating Star}}-Forming and {{Passive Galaxies}} from z = 1 to 0},
  volume = {778},
  issn = {0004-637X},
  shorttitle = {Evolution of the {{Stellar}}-to-Dark {{Matter Relation}}},
  doi = {10.1088/0004-637X/778/2/93},
  journal = {The Astrophysical Journal},
  author = {Tinker, Jeremy L. and Leauthaud, Alexie and Bundy, Kevin and George, Matthew R. and Behroozi, Peter and Massey, Richard and Rhodes, Jason and Wechsler, Risa H.},
  month = dec,
  year = {2013},
  keywords = {galaxies: evolution,galaxies: halos,Cosmology: Observations},
  pages = {93},
  file = {/Users/ChangHoon/Zotero/storage/896ASM82/Tinker et al. - 2013 - Evolution of the Stellar-to-dark Matter Relation .pdf}
}

@article{lee2015,
  title = {A {{Turnover}} in the {{Galaxy Main Sequence}} of {{Star Formation}} at {{M}} * \textasciitilde{} 1010 {{M}} {$\odot$} for {{Redshifts}} z {$<$} 1.3},
  volume = {801},
  issn = {0004-637X},
  doi = {10.1088/0004-637X/801/2/80},
  journal = {The Astrophysical Journal},
  author = {Lee, Nicholas and Sanders, D. B. and Casey, Caitlin M. and Toft, Sune and Scoville, N. Z. and Hung, Chao-Ling and Le Floc'h, Emeric and Ilbert, Olivier and Zahid, H. Jabran and Aussel, Herv\'e and Capak, Peter and Kartaltepe, Jeyhan S. and Kewley, Lisa J. and Li, Yanxia and Schawinski, Kevin and Sheth, Kartik and Xiao, Quanbao},
  month = mar,
  year = {2015},
  keywords = {galaxies: evolution,galaxies: high-redshift,galaxies: star formation},
  pages = {80},
  file = {/Users/ChangHoon/Zotero/storage/EVIUCJC7/Lee et al. - 2015 - A Turnover in the Galaxy Main Sequence of Star For.pdf}
}

@article{diemer2017,
  title = {Log-Normal {{Star Formation Histories}} in {{Simulated}} and {{Observed Galaxies}}},
  volume = {839},
  issn = {0004-637X},
  doi = {10.3847/1538-4357/aa68e5},
  journal = {The Astrophysical Journal},
  author = {Diemer, Benedikt and Sparre, Martin and Abramson, Louis E. and Torrey, Paul},
  month = apr,
  year = {2017},
  keywords = {cosmology: theory,galaxies: star formation,METHODS: NUMERICAL},
  pages = {26},
  file = {/Users/ChangHoon/Zotero/storage/DTNNRXZA/Diemer et al. - 2017 - Log-normal Star Formation Histories in Simulated a.pdf}
}

@article{gu2016,
  title = {Hierarchical {{Galaxy Growth}} and {{Scatter}} in the {{Stellar Mass}}-{{Halo Mass Relation}}},
  volume = {833},
  issn = {0004-637X},
  doi = {10.3847/0004-637X/833/1/2},
  journal = {The Astrophysical Journal},
  author = {Gu, Meng and Conroy, Charlie and Behroozi, Peter},
  month = dec,
  year = {2016},
  keywords = {galaxies: evolution,galaxies: halos},
  pages = {2},
  file = {/Users/ChangHoon/Zotero/storage/VKHACPRR/Gu et al. - 2016 - Hierarchical Galaxy Growth and Scatter in the Stel.pdf}
}

@article{abramson2016,
  archivePrefix = {arXiv},
  eprinttype = {arxiv},
  eprint = {1604.00016},
  title = {Return to [{{Log}}-]{{Normalcy}}: {{Rethinking Quenching}}, {{The Star Formation Main Sequence}}, and {{Perhaps Much}}, {{Much More}}},
  volume = {832},
  issn = {1538-4357},
  shorttitle = {Return to [{{Log}}-]{{Normalcy}}},
  doi = {10.3847/0004-637X/832/1/7},
  number = {1},
  journal = {The Astrophysical Journal},
  author = {Abramson, Louis E. and Gladders, Michael D. and Dressler, Alan and Oemler, Augustus and Poggianti, Bianca and Vulcani, Benedetta},
  month = nov,
  year = {2016},
  keywords = {Astrophysics - Astrophysics of Galaxies},
  pages = {7},
  file = {/Users/ChangHoon/Zotero/storage/2SRJZXXU/Abramson et al. - 2016 - Return to [Log-]Normalcy Rethinking Quenching, Th.pdf;/Users/ChangHoon/Zotero/storage/SV6E2T37/1604.html}
}

@article{hahn2018,
  title = {Likelihood {{Non}}-{{Gaussianity}} in {{Large}}-{{Scale Structure Analyses}}},
  volume = {1803},
  journal = {ArXiv e-prints},
  author = {Hahn, ChangHoon and Beutler, Florian and Sinha, Manodeep and Berlind, Andreas and Ho, Shirley and Hogg, David W.},
  month = mar,
  year = {2018},
  keywords = {Astrophysics - Cosmology and Nongalactic Astrophysics},
  pages = {arXiv:1803.06348}
}

@article{coil2011,
  title = {The {{PRIsm MUlti}}-Object {{Survey}} ({{PRIMUS}}). {{I}}. {{Survey Overview}} and {{Characteristics}}},
  volume = {741},
  issn = {0004-637X},
  doi = {10.1088/0004-637X/741/1/8},
  journal = {The Astrophysical Journal},
  author = {Coil, Alison L. and Blanton, Michael R. and Burles, Scott M. and Cool, Richard J. and Eisenstein, Daniel J. and Moustakas, John and Wong, Kenneth C. and Zhu, Guangtun and Aird, James and Bernstein, Rebecca A. and Bolton, Adam S. and Hogg, David W.},
  month = nov,
  year = {2011},
  keywords = {galaxies: evolution,surveys,galaxies: high-redshift,galaxies: distances and redshifts,large-scale structure of universe},
  pages = {8},
  file = {/Users/ChangHoon/Zotero/storage/UWK2JKF5/Coil et al. - 2011 - The PRIsm MUlti-object Survey (PRIMUS). I. Survey .pdf}
}

@article{cool2013,
  title = {The {{PRIsm MUlti}}-Object {{Survey}} ({{PRIMUS}}). {{II}}. {{Data Reduction}} and {{Redshift Fitting}}},
  volume = {767},
  issn = {0004-637X},
  doi = {10.1088/0004-637X/767/2/118},
  journal = {The Astrophysical Journal},
  author = {Cool, Richard J. and Moustakas, John and Blanton, Michael R. and Burles, Scott M. and Coil, Alison L. and Eisenstein, Daniel J. and Wong, Kenneth C. and Zhu, Guangtun and Aird, James and Bernstein, Rebecca A. and Bolton, Adam S. and Hogg, David W. and Mendez, Alexander J.},
  month = apr,
  year = {2013},
  keywords = {galaxies: evolution,surveys,galaxies: high-redshift,galaxies: distances and redshifts,large-scale structure of universe},
  pages = {118},
  file = {/Users/ChangHoon/Zotero/storage/DQTBFG62/Cool et al. - 2013 - The PRIsm MUlti-object Survey (PRIMUS). II. Data R.pdf}
}

@article{scoville2007,
  title = {The {{Cosmic Evolution Survey}} ({{COSMOS}}): {{Overview}}},
  volume = {172},
  issn = {0067-0049},
  shorttitle = {The {{Cosmic Evolution Survey}} ({{COSMOS}})},
  doi = {10.1086/516585},
  journal = {The Astrophysical Journal Supplement Series},
  author = {Scoville, N. and Aussel, H. and Brusa, M. and Capak, P. and Carollo, C. M. and Elvis, M. and Giavalisco, M. and Guzzo, L. and Hasinger, G. and Impey, C. and Kneib, J.-P. and LeFevre, O. and Lilly, S. J. and Mobasher, B. and Renzini, A. and Rich, R. M. and Sanders, D. B. and Schinnerer, E. and Schminovich, D. and Shopbell, P. and Taniguchi, Y. and Tyson, N. D.},
  month = sep,
  year = {2007},
  keywords = {Galaxies: Evolution,Galaxies: Formation,Cosmology: Observations,Cosmology: Dark Matter,Cosmology: Large-Scale Structure of Universe,Surveys},
  pages = {1-8},
  file = {/Users/ChangHoon/Zotero/storage/QQZPUH6Y/Scoville et al. - 2007 - The Cosmic Evolution Survey (COSMOS) Overview.pdf}
}

@article{hahn2018a,
  title = {{{IQ}}-{{Collaboratory}} 1.1: The {{Star}}-{{Forming Sequence}} of {{Simulated Central Galaxies}}},
  shorttitle = {{{IQ}}-{{Collaboratory}} 1.1},
  language = {en},
  author = {Hahn, ChangHoon and Starkenburg, Tjitske K. and Choi, Ena and Dav\'e, Romeel and Dickey, Claire M. and Geha, Marla C. and Genel, Shy and Hayward, Christopher C. and Maller, Ariyeh H. and Mandyam, Nityasri and Pandya, Viraj and Popping, Gerg\"o and Rafieferantsoa, Mika and Somerville, Rachel S. and Tinker, Jeremy L.},
  month = sep,
  year = {2018},
  file = {/Users/ChangHoon/Zotero/storage/6MVUZLXZ/Hahn et al. - 2018 - IQ-Collaboratory 1.1 the Star-Forming Sequence of.pdf;/Users/ChangHoon/Zotero/storage/LL8JJ9NP/1809.html}
}

@article{tojeiro2009,
  title = {A {{Public Catalog}} of {{Stellar Masses}}, {{Star Formation}} and {{Metallicity Histories}}, and {{Dust Content}} from the {{Sloan Digital Sky Survey}} Using {{VESPA}}},
  volume = {185},
  issn = {0067-0049},
  doi = {10.1088/0067-0049/185/1/1},
  journal = {The Astrophysical Journal Supplement Series},
  author = {Tojeiro, Rita and Wilkins, Stephen and Heavens, Alan F. and Panter, Ben and Jimenez, Raul},
  month = nov,
  year = {2009},
  keywords = {galaxies: evolution,galaxies: formation,catalogs,surveys,methods: data analysis,galaxies: stellar content},
  pages = {1-19},
  file = {/Users/ChangHoon/Zotero/storage/CY8EABLD/Tojeiro et al. - 2009 - A Public Catalog of Stellar Masses, Star Formation.pdf}
}

@article{leja2018,
  title = {Hot {{Dust}} in {{Panchromatic SED Fitting}}: {{Identification}} of {{Active Galactic Nuclei}} and {{Improved Galaxy Properties}}},
  volume = {854},
  issn = {0004-637X},
  shorttitle = {Hot {{Dust}} in {{Panchromatic SED Fitting}}},
  doi = {10.3847/1538-4357/aaa8db},
  journal = {The Astrophysical Journal},
  author = {Leja, Joel and Johnson, Benjamin D. and Conroy, Charlie and {van Dokkum}, Pieter},
  month = feb,
  year = {2018},
  keywords = {galaxies: star formation,galaxies: active,galaxies: fundamental parameters},
  pages = {62},
  file = {/Users/ChangHoon/Zotero/storage/TDVFH5NX/Leja et al. - 2018 - Hot Dust in Panchromatic SED Fitting Identificati.pdf}
}

@article{leja2017,
  title = {Deriving {{Physical Properties}} from {{Broadband Photometry}} with {{Prospector}}: {{Description}} of the {{Model}} and a {{Demonstration}} of Its {{Accuracy Using}} 129 {{Galaxies}} in the {{Local Universe}}},
  volume = {837},
  issn = {0004-637X},
  shorttitle = {Deriving {{Physical Properties}} from {{Broadband Photometry}} with {{Prospector}}},
  doi = {10.3847/1538-4357/aa5ffe},
  journal = {The Astrophysical Journal},
  author = {Leja, Joel and Johnson, Benjamin D. and Conroy, Charlie and {van Dokkum}, Pieter G. and Byler, Nell},
  month = mar,
  year = {2017},
  keywords = {galaxies: evolution,galaxies: star formation,galaxies: fundamental parameters},
  pages = {170},
  file = {/Users/ChangHoon/Zotero/storage/DB3HZIJD/Leja et al. - 2017 - Deriving Physical Properties from Broadband Photom.pdf}
}

@article{ishida2015,
  title = {{{COSMOABC}}: {{Likelihood}}-Free Inference via {{Population Monte Carlo Approximate Bayesian Computation}}},
  volume = {13},
  issn = {2213-1337},
  shorttitle = {{{COSMOABC}}},
  doi = {10.1016/j.ascom.2015.09.001},
  journal = {Astronomy and Computing},
  author = {Ishida, E. E. O. and Vitenti, S. D. P. and {Penna-Lima}, M. and Cisewski, J. and {de Souza}, R. S. and Trindade, A. M. M. and Cameron, E. and Busti, V. C. and {COIN Collaboration}},
  month = nov,
  year = {2015},
  keywords = {(cosmology:) large-scale structure of universe,Galaxies: statistics},
  pages = {1-11}
}

@article{weyant2013,
  title = {Likelihood-Free {{Cosmological Inference}} with {{Type Ia Supernovae}}: {{Approximate Bayesian Computation}} for a {{Complete Treatment}} of {{Uncertainty}}},
  volume = {764},
  issn = {0004-637X},
  shorttitle = {Likelihood-Free {{Cosmological Inference}} with {{Type Ia Supernovae}}},
  doi = {10.1088/0004-637X/764/2/116},
  journal = {The Astrophysical Journal},
  author = {Weyant, Anja and Schafer, Chad and {Wood-Vasey}, W. Michael},
  month = feb,
  year = {2013},
  keywords = {methods: statistical,cosmological parameters},
  pages = {116},
  file = {/Users/ChangHoon/Zotero/storage/PYMFC67P/Weyant et al. - 2013 - Likelihood-free Cosmological Inference with Type I.pdf}
}

@article{cameron2012,
  title = {Approximate {{Bayesian Computation}} for Astronomical Model Analysis: A Case Study in Galaxy Demographics and Morphological Transformation at High Redshift},
  volume = {425},
  issn = {0035-8711},
  shorttitle = {Approximate {{Bayesian Computation}} for Astronomical Model Analysis},
  doi = {10.1111/j.1365-2966.2012.21371.x},
  journal = {Monthly Notices of the Royal Astronomical Society},
  author = {Cameron, E. and Pettitt, A. N.},
  month = sep,
  year = {2012},
  keywords = {galaxies: evolution,methods: statistical,galaxies: formation},
  pages = {44-65},
  file = {/Users/ChangHoon/Zotero/storage/UCB9TMNL/Cameron and Pettitt - 2012 - Approximate Bayesian Computation for astronomical .pdf}
}

@article{elbaz2007,
  title = {The Reversal of the Star Formation-Density Relation in the Distant Universe},
  volume = {468},
  issn = {0004-6361},
  doi = {10.1051/0004-6361:20077525},
  journal = {Astronomy and Astrophysics},
  author = {Elbaz, D. and Daddi, E. and Le Borgne, D. and Dickinson, M. and Alexander, D. M. and Chary, R.-R. and Starck, J.-L. and Brandt, W. N. and Kitzbichler, M. and MacDonald, E. and Nonino, M. and Popesso, P. and Stern, D. and Vanzella, E.},
  month = jun,
  year = {2007},
  keywords = {cosmology: observations,infrared: galaxies,galaxies: starburst,cosmology: large-scale structure of Universe,Galaxy: evolution,Galaxy: formation},
  pages = {33-48},
  file = {/Users/ChangHoon/Zotero/storage/VAWDXBBM/Elbaz et al. - 2007 - The reversal of the star formation-density relatio.pdf}
}

@article{robotham2011,
  title = {Galaxy and {{Mass Assembly}} ({{GAMA}}): The {{GAMA}} Galaxy Group Catalogue ({{G3Cv1}})},
  volume = {416},
  issn = {0035-8711},
  shorttitle = {Galaxy and {{Mass Assembly}} ({{GAMA}})},
  doi = {10.1111/j.1365-2966.2011.19217.x},
  journal = {Monthly Notices of the Royal Astronomical Society},
  author = {Robotham, A. S. G. and Norberg, P. and Driver, S. P. and Baldry, I. K. and Bamford, S. P. and Hopkins, A. M. and Liske, J. and Loveday, J. and Merson, A. and Peacock, J. A. and Brough, S. and Cameron, E. and Conselice, C. J. and Croom, S. M. and Frenk, C. S. and Gunawardhana, M. and Hill, D. T. and Jones, D. H. and Kelvin, L. S. and Kuijken, K. and Nichol, R. C. and Parkinson, H. R. and Pimbblet, K. A. and Phillipps, S. and Popescu, C. C. and Prescott, M. and Sharp, R. G. and Sutherland, W. J. and Taylor, E. N. and Thomas, D. and Tuffs, R. J. and {van Kampen}, E. and Wijesinghe, D.},
  month = oct,
  year = {2011},
  keywords = {dark matter,galaxies: haloes,large-scale structure of Universe,galaxies: groups: general},
  pages = {2640-2668},
  file = {/Users/ChangHoon/Zotero/storage/SM6PMJEI/Robotham et al. - 2011 - Galaxy and Mass Assembly (GAMA) the GAMA galaxy g.pdf}
}

@article{heymans2012,
  title = {{{CFHTLenS}}: The {{Canada}}-{{France}}-{{Hawaii Telescope Lensing Survey}}},
  volume = {427},
  issn = {0035-8711},
  shorttitle = {{{CFHTLenS}}},
  doi = {10.1111/j.1365-2966.2012.21952.x},
  journal = {Monthly Notices of the Royal Astronomical Society},
  author = {Heymans, Catherine and Van Waerbeke, Ludovic and Miller, Lance and Erben, Thomas and Hildebrandt, Hendrik and Hoekstra, Henk and Kitching, Thomas D. and Mellier, Yannick and Simon, Patrick and Bonnett, Christopher and Coupon, Jean and Fu, Liping and Harnois D\'eraps, Joachim and Hudson, Michael J. and Kilbinger, Martin and Kuijken, Koenraad and Rowe, Barnaby and Schrabback, Tim and Semboloni, Elisabetta and {van Uitert}, Edo and Vafaei, Sanaz and Velander, Malin},
  month = nov,
  year = {2012},
  keywords = {cosmology: observations,gravitational lensing: weak},
  pages = {146-166},
  file = {/Users/ChangHoon/Zotero/storage/IBMKPGIZ/Heymans et al. - 2012 - CFHTLenS the Canada-France-Hawaii Telescope Lensi.pdf}
}

@article{pillepich2018,
  title = {Simulating Galaxy Formation with the {{IllustrisTNG}} Model},
  volume = {473},
  issn = {0035-8711},
  doi = {10.1093/mnras/stx2656},
  journal = {Monthly Notices of the Royal Astronomical Society},
  author = {Pillepich, Annalisa and Springel, Volker and Nelson, Dylan and Genel, Shy and Naiman, Jill and Pakmor, R\"udiger and Hernquist, Lars and Torrey, Paul and Vogelsberger, Mark and Weinberger, Rainer and Marinacci, Federico},
  month = jan,
  year = {2018},
  keywords = {galaxies: evolution,galaxies: formation,methods: numerical},
  pages = {4077-4106}
}

@article{khandai2015,
  title = {The {{MassiveBlack}}-{{II}} Simulation: The Evolution of Haloes and Galaxies to z \texttildelow{} 0},
  volume = {450},
  issn = {0035-8711},
  shorttitle = {The {{MassiveBlack}}-{{II}} Simulation},
  doi = {10.1093/mnras/stv627},
  journal = {Monthly Notices of the Royal Astronomical Society},
  author = {Khandai, Nishikanta and Di Matteo, Tiziana and Croft, Rupert and Wilkins, Stephen and Feng, Yu and Tucker, Evan and DeGraf, Colin and Liu, Mao-Sheng},
  month = jun,
  year = {2015},
  keywords = {cosmology: theory,galaxies: evolution,large-scale structure of Universe,galaxies: formation,methods: numerical,quasars: general},
  pages = {1349-1374},
  file = {/Users/ChangHoon/Zotero/storage/FT2DCATG/Khandai et al. - 2015 - The MassiveBlack-II simulation the evolution of h.pdf}
}

@article{sparre2017,
  title = {({{Star}})Bursts of {{FIRE}}: Observational Signatures of Bursty Star Formation in Galaxies},
  volume = {466},
  issn = {0035-8711},
  shorttitle = {({{Star}})Bursts of {{FIRE}}},
  doi = {10.1093/mnras/stw3011},
  journal = {Monthly Notices of the Royal Astronomical Society},
  author = {Sparre, Martin and Hayward, Christopher C. and Feldmann, Robert and {Faucher-Gigu\`ere}, Claude-Andr\'e and Muratov, Alexander L. and Kere{\v s}, Du{\v s}an and Hopkins, Philip F.},
  month = apr,
  year = {2017},
  keywords = {cosmology: theory,galaxies: evolution,galaxies: formation,methods: numerical,galaxies: star formation,galaxies: starburst},
  pages = {88-104},
  file = {/Users/ChangHoon/Zotero/storage/IQS6J3LK/Sparre et al. - 2017 - (Star)bursts of FIRE observational signatures of .pdf}
}

@article{mcalpine2016,
  title = {The {{EAGLE}} Simulations of Galaxy Formation: {{Public}} Release of Halo and Galaxy Catalogues},
  volume = {15},
  issn = {2213-1337},
  shorttitle = {The {{EAGLE}} Simulations of Galaxy Formation},
  doi = {10.1016/j.ascom.2016.02.004},
  journal = {Astronomy and Computing},
  author = {McAlpine, S. and Helly, J. C. and Schaller, M. and Trayford, J. W. and Qu, Y. and Furlong, M. and Bower, R. G. and Crain, R. A. and Schaye, J. and Theuns, T. and Dalla Vecchia, C. and Frenk, C. S. and McCarthy, I. G. and Jenkins, A. and {Rosas-Guevara}, Y. and White, S. D. M. and Baes, M. and Camps, P. and Lemson, G.},
  month = apr,
  year = {2016},
  keywords = {Galaxies: evolution,Galaxies: formation,Cosmology: theory,Method: numerical},
  pages = {72-89},
  file = {/Users/ChangHoon/Zotero/storage/P8EBA9KF/McAlpine et al. - 2016 - The EAGLE simulations of galaxy formation Public .pdf}
}

@article{kelson2014,
  archivePrefix = {arXiv},
  eprinttype = {arxiv},
  eprint = {1406.5191},
  primaryClass = {astro-ph},
  title = {Decoding the {{Star}}-{{Forming Main Sequence}} or: {{How I Learned}} to {{Stop Worrying}} and {{Love}} the {{Central Limit Theorem}}},
  shorttitle = {Decoding the {{Star}}-{{Forming Main Sequence}} Or},
  journal = {arXiv:1406.5191 [astro-ph]},
  author = {Kelson, Daniel D.},
  month = jun,
  year = {2014},
  keywords = {Astrophysics - Astrophysics of Galaxies},
  file = {/Users/ChangHoon/Zotero/storage/XP4IWYNA/Kelson - 2014 - Decoding the Star-Forming Main Sequence or How I .pdf;/Users/ChangHoon/Zotero/storage/PA4NG32M/1406.html}
}

@article{lu2014,
  title = {Semi-Analytic {{Models}} for the {{CANDELS Survey}}: {{Comparison}} of {{Predictions}} for {{Intrinsic Galaxy Properties}}},
  volume = {795},
  issn = {0004-637X},
  shorttitle = {Semi-Analytic {{Models}} for the {{CANDELS Survey}}},
  doi = {10.1088/0004-637X/795/2/123},
  journal = {The Astrophysical Journal},
  author = {Lu, Yu and Wechsler, Risa H. and Somerville, Rachel S. and Croton, Darren and Porter, Lauren and Primack, Joel and Behroozi, Peter S. and Ferguson, Henry C. and Koo, David C. and Guo, Yicheng and Safarzadeh, Mohammadtaher and Finlator, Kristian and Castellano, Marco and White, Catherine E. and Sommariva, Veronica and Moody, Chris},
  month = nov,
  year = {2014},
  keywords = {galaxies: evolution,galaxies: formation,galaxies: luminosity function,mass function},
  pages = {123},
  file = {/Users/ChangHoon/Zotero/storage/LFGVSJID/Lu et al. - 2014 - Semi-analytic Models for the CANDELS Survey Compa.pdf}
}

@article{behroozi2018,
  title = {{{UniverseMachine}}: {{The Correlation}} between {{Galaxy Growth}} and {{Dark Matter Halo Assembly}} from Z=0-10},
  volume = {1806},
  shorttitle = {{{UniverseMachine}}},
  journal = {ArXiv e-prints},
  author = {Behroozi, Peter and Wechsler, Risa and Hearin, Andrew and Conroy, Charlie},
  month = jun,
  year = {2018},
  keywords = {Astrophysics - Astrophysics of Galaxies},
  pages = {arXiv:1806.07893},
  file = {/Users/ChangHoon/Zotero/storage/RSGFUD63/Behroozi et al. - 2018 - UniverseMachine The Correlation between Galaxy Gr.pdf}
}

@article{tinker2018,
  title = {Halo Histories versus Galaxy Properties at z = 0 {{II}}: Large-Scale Galactic Conformity},
  volume = {477},
  issn = {0035-8711},
  shorttitle = {Halo Histories versus Galaxy Properties at z = 0 {{II}}},
  doi = {10.1093/mnras/sty666},
  journal = {Monthly Notices of the Royal Astronomical Society},
  author = {Tinker, Jeremy L. and Hahn, ChangHoon and Mao, Yao-Yuan and Wetzel, Andrew R. and Conroy, Charlie},
  month = jun,
  year = {2018},
  keywords = {galaxies: evolution,galaxies: haloes},
  pages = {935-945},
  file = {/Users/ChangHoon/Zotero/storage/AFKALALL/Tinker et al. - 2018 - Halo histories versus galaxy properties at z = 0 I.pdf}
}

@article{lacerna2014,
  title = {The Nature of Assembly Bias - {{III}}. {{Observational}} Properties},
  volume = {443},
  issn = {0035-8711},
  doi = {10.1093/mnras/stu1318},
  journal = {Monthly Notices of the Royal Astronomical Society},
  author = {Lacerna, Ivan and Padilla, Nelson and Stasyszyn, Federico},
  month = oct,
  year = {2014},
  keywords = {dark matter,galaxies: haloes,large-scale structure of Universe,galaxies: formation,galaxies: statistics},
  pages = {3107-3117},
  file = {/Users/ChangHoon/Zotero/storage/VILNFW9I/Lacerna et al. - 2014 - The nature of assembly bias - III. Observational p.pdf}
}

@article{wang2013b,
  title = {Detection of Galaxy Assembly Bias},
  volume = {433},
  issn = {0035-8711},
  doi = {10.1093/mnras/stt743},
  journal = {Monthly Notices of the Royal Astronomical Society},
  author = {Wang, Lan and Weinmann, Simone M. and De Lucia, Gabriella and Yang, Xiaohu},
  month = jul,
  year = {2013},
  keywords = {galaxies: haloes,galaxies: formation},
  pages = {515-520},
  file = {/Users/ChangHoon/Zotero/storage/H7ZU2RE6/Wang et al. - 2013 - Detection of galaxy assembly bias.pdf}
}

@article{wang2008,
  title = {The {{Clustering}} of {{SDSS Galaxy Groups}}: {{Mass}} and {{Color Dependence}}},
  volume = {687},
  issn = {0004-637X},
  shorttitle = {The {{Clustering}} of {{SDSS Galaxy Groups}}},
  doi = {10.1086/591836},
  journal = {The Astrophysical Journal},
  author = {Wang, Yu and Yang, Xiaohu and Mo, H. J. and {van den Bosch}, Frank C. and Weinmann, Simone M. and Chu, Yaoquan},
  month = nov,
  year = {2008},
  keywords = {dark matter,galaxies: halos,large-scale structure of universe},
  pages = {919-935},
  file = {/Users/ChangHoon/Zotero/storage/T9YB7WBW/Wang et al. - 2008 - The Clustering of SDSS Galaxy Groups Mass and Col.pdf}
}

@article{yang2006,
  title = {Observational {{Evidence}} for an {{Age Dependence}} of {{Halo Bias}}},
  volume = {638},
  issn = {0004-637X},
  doi = {10.1086/501069},
  journal = {The Astrophysical Journal Letters},
  author = {Yang, Xiaohu and Mo, H. J. and {van den Bosch}, Frank C.},
  month = feb,
  year = {2006},
  keywords = {Galaxies: Halos,Cosmology: Dark Matter,Cosmology: Large-Scale Structure of Universe},
  pages = {L55-L58},
  file = {/Users/ChangHoon/Zotero/storage/ZY4B78R9/Yang et al. - 2006 - Observational Evidence for an Age Dependence of Ha.pdf}
}

@article{croton2007,
  title = {Halo Assembly Bias and Its Effects on Galaxy Clustering},
  volume = {374},
  issn = {0035-8711},
  doi = {10.1111/j.1365-2966.2006.11230.x},
  journal = {Monthly Notices of the Royal Astronomical Society},
  author = {Croton, Darren J. and Gao, Liang and White, Simon D. M.},
  month = feb,
  year = {2007},
  keywords = {galaxies: evolution,large-scale structure of Universe,galaxies: statistics,cosmology: theory.},
  pages = {1303-1309},
  file = {/Users/ChangHoon/Zotero/storage/IJY8498V/Croton et al. - 2007 - Halo assembly bias and its effects on galaxy clust.pdf}
}

@article{sunayama2016,
  title = {The Scale-Dependence of Halo Assembly Bias},
  volume = {458},
  issn = {0035-8711},
  doi = {10.1093/mnras/stw332},
  journal = {Monthly Notices of the Royal Astronomical Society},
  author = {Sunayama, Tomomi and Hearin, Andrew P. and Padmanabhan, Nikhil and Leauthaud, Alexie},
  month = may,
  year = {2016},
  keywords = {cosmology: theory,dark matter,galaxies: haloes,large-scale structure of Universe},
  pages = {1510-1516},
  file = {/Users/ChangHoon/Zotero/storage/R6BRDYMG/Sunayama et al. - 2016 - The scale-dependence of halo assembly bias.pdf}
}

@article{li2008,
  title = {On Halo Formation Times and Assembly Bias},
  volume = {389},
  issn = {0035-8711},
  doi = {10.1111/j.1365-2966.2008.13667.x},
  journal = {Monthly Notices of the Royal Astronomical Society},
  author = {Li, Yun and Mo, H. J. and Gao, L.},
  month = sep,
  year = {2008},
  keywords = {cosmology: theory,dark matter,galaxies: haloes,galaxies: formation},
  pages = {1419-1426},
  file = {/Users/ChangHoon/Zotero/storage/GQCZA2UM/Li et al. - 2008 - On halo formation times and assembly bias.pdf}
}

@article{wetzel2007,
  title = {The {{Clustering}} of {{Massive Halos}}},
  volume = {656},
  issn = {0004-637X},
  doi = {10.1086/510444},
  journal = {The Astrophysical Journal},
  author = {Wetzel, Andrew R. and Cohn, J. D. and White, Martin and Holz, Daniel E. and Warren, Michael S.},
  month = feb,
  year = {2007},
  keywords = {Galaxies: Clusters: General,Cosmology: Dark Matter,Cosmology: Theory,Methods: Numerical},
  pages = {139-147},
  file = {/Users/ChangHoon/Zotero/storage/EFU9NTNW/Wetzel et al. - 2007 - The Clustering of Massive Halos.pdf}
}

@article{gao2007,
  title = {Assembly Bias in the Clustering of Dark Matter Haloes},
  volume = {377},
  issn = {0035-8711},
  doi = {10.1111/j.1745-3933.2007.00292.x},
  journal = {Monthly Notices of the Royal Astronomical Society},
  author = {Gao, Liang and White, Simon D. M.},
  month = apr,
  year = {2007},
  keywords = {dark matter,galaxies: haloes,methods: numerical,methods: N-body simulations,galaxies: clustering},
  pages = {L5-L9},
  file = {/Users/ChangHoon/Zotero/storage/ZJY7TCF8/Gao and White - 2007 - Assembly bias in the clustering of dark matter hal.pdf}
}

@article{wechsler2006,
  title = {The {{Dependence}} of {{Halo Clustering}} on {{Halo Formation History}}, {{Concentration}}, and {{Occupation}}},
  volume = {652},
  issn = {0004-637X},
  doi = {10.1086/507120},
  journal = {The Astrophysical Journal},
  author = {Wechsler, Risa H. and Zentner, Andrew R. and Bullock, James S. and Kravtsov, Andrey V. and Allgood, Brandon},
  month = nov,
  year = {2006},
  keywords = {Galaxies: Halos,Galaxies: Formation,Cosmology: Dark Matter,Cosmology: Large-Scale Structure of Universe,Cosmology: Theory,Methods: Numerical},
  pages = {71-84},
  file = {/Users/ChangHoon/Zotero/storage/FQ2JMW67/Wechsler et al. - 2006 - The Dependence of Halo Clustering on Halo Formatio.pdf}
}

@article{gao2005,
  title = {The Age Dependence of Halo Clustering},
  volume = {363},
  issn = {0035-8711},
  doi = {10.1111/j.1745-3933.2005.00084.x},
  journal = {Monthly Notices of the Royal Astronomical Society},
  author = {Gao, Liang and Springel, Volker and White, Simon D. M.},
  month = oct,
  year = {2005},
  keywords = {dark matter,galaxies: haloes,galaxies: clusters: general,methods: numerical,methods: N-body simulations},
  pages = {L66-L70},
  file = {/Users/ChangHoon/Zotero/storage/LIA4R8JB/Gao et al. - 2005 - The age dependence of halo clustering.pdf}
}

@article{tinker2017b,
  title = {Halo Histories versus {{Galaxy}} Properties at z = 0 - {{I}}. {{The}} Quenching of Star Formation},
  volume = {472},
  issn = {0035-8711},
  doi = {10.1093/mnras/stx2066},
  journal = {Monthly Notices of the Royal Astronomical Society},
  author = {Tinker, Jeremy L. and Wetzel, Andrew R. and Conroy, Charlie and Mao, Yao-Yuan},
  month = dec,
  year = {2017},
  keywords = {cosmology: observations,galaxies: clusters: general,galaxies: evolution - galaxies: groups: general},
  pages = {2504-2516},
  file = {/Users/ChangHoon/Zotero/storage/9UINBVGA/Tinker et al. - 2017 - Halo histories versus Galaxy properties at z = 0 -.pdf}
}

@article{mandelbaum2006a,
  title = {Galaxy Halo Masses and Satellite Fractions from Galaxy-Galaxy Lensing in the {{Sloan Digital Sky Survey}}: Stellar Mass, Luminosity, Morphology and Environment Dependencies},
  volume = {368},
  issn = {0035-8711},
  shorttitle = {Galaxy Halo Masses and Satellite Fractions from Galaxy-Galaxy Lensing in the {{Sloan Digital Sky Survey}}},
  doi = {10.1111/j.1365-2966.2006.10156.x},
  journal = {Monthly Notices of the Royal Astronomical Society},
  author = {Mandelbaum, Rachel and Seljak, Uro{\v s} and Kauffmann, Guinevere and Hirata, Christopher M. and Brinkmann, Jonathan},
  month = may,
  year = {2006},
  keywords = {galaxies: haloes,galaxies: stellar content,gravitational lensing},
  pages = {715-731},
  file = {/Users/ChangHoon/Zotero/storage/Z5EDDGSQ/Mandelbaum et al. - 2006 - Galaxy halo masses and satellite fractions from ga.pdf}
}

@article{velander2014,
  title = {{{CFHTLenS}}: The Relation between Galaxy Dark Matter Haloes and Baryons from Weak Gravitational Lensing},
  volume = {437},
  issn = {0035-8711},
  shorttitle = {{{CFHTLenS}}},
  doi = {10.1093/mnras/stt2013},
  journal = {Monthly Notices of the Royal Astronomical Society},
  author = {Velander, Malin and {van Uitert}, Edo and Hoekstra, Henk and Coupon, Jean and Erben, Thomas and Heymans, Catherine and Hildebrandt, Hendrik and Kitching, Thomas D. and Mellier, Yannick and Miller, Lance and Van Waerbeke, Ludovic and Bonnett, Christopher and Fu, Liping and Giodini, Stefania and Hudson, Michael J. and Kuijken, Konrad and Rowe, Barnaby and Schrabback, Tim and Semboloni, Elisabetta},
  month = jan,
  year = {2014},
  keywords = {dark matter,galaxies: haloes,cosmology: observations,gravitational lensing: weak},
  pages = {2111-2136},
  file = {/Users/ChangHoon/Zotero/storage/2A8DCIMJ/Velander et al. - 2014 - CFHTLenS The relation between galaxy dark matter .pdf}
}

@article{han2015,
  title = {Galaxy {{And Mass Assembly}} ({{GAMA}}): The Halo Mass of Galaxy Groups from Maximum-Likelihood Weak Lensing},
  volume = {446},
  issn = {0035-8711},
  shorttitle = {Galaxy {{And Mass Assembly}} ({{GAMA}})},
  doi = {10.1093/mnras/stu2178},
  journal = {Monthly Notices of the Royal Astronomical Society},
  author = {Han, Jiaxin and Eke, Vincent R. and Frenk, Carlos S. and Mandelbaum, Rachel and Norberg, Peder and Schneider, Michael D. and Peacock, John A. and Jing, Yipeng and Baldry, Ivan and {Bland-Hawthorn}, Joss and Brough, Sarah and Brown, Michael J. I. and Liske, Jochen and Loveday, Jon and Robotham, Aaron S. G.},
  month = jan,
  year = {2015},
  keywords = {dark matter,gravitational lensing: weak,methods: data analysis,galaxies: clusters},
  pages = {1356-1379},
  file = {/Users/ChangHoon/Zotero/storage/TI3QJ54T/Han et al. - 2015 - Galaxy and Mass Assembly (GAMA) The halo mass of .pdf}
}

@article{hudson2015,
  title = {{{CFHTLenS}}: Co-Evolution of Galaxies and Their Dark Matter Haloes},
  volume = {447},
  issn = {0035-8711},
  shorttitle = {{{CFHTLenS}}},
  doi = {10.1093/mnras/stu2367},
  journal = {Monthly Notices of the Royal Astronomical Society},
  author = {Hudson, Michael J. and Gillis, Bryan R. and Coupon, Jean and Hildebrandt, Hendrik and Erben, Thomas and Heymans, Catherine and Hoekstra, Henk and Kitching, Thomas D. and Mellier, Yannick and Miller, Lance and Van Waerbeke, Ludovic and Bonnett, Christopher and Fu, Liping and Kuijken, Konrad and Rowe, Barnaby and Schrabback, Tim and Semboloni, Elisabetta and {van Uitert}, Edo and Velander, Malin},
  month = feb,
  year = {2015},
  keywords = {dark matter,galaxies: haloes,cosmology: observations,gravitational lensing: weak},
  pages = {298-314},
  file = {/Users/ChangHoon/Zotero/storage/387MTNXZ/Hudson et al. - 2015 - CFHTLenS Co-evolution of galaxies and their dark .pdf}
}

@article{coupon2015,
  title = {The Galaxy-Halo Connection from a Joint Lensing, Clustering and Abundance Analysis in the {{CFHTLenS}}/{{VIPERS}} Field},
  volume = {449},
  issn = {0035-8711},
  doi = {10.1093/mnras/stv276},
  journal = {Monthly Notices of the Royal Astronomical Society},
  author = {Coupon, J. and Arnouts, S. and {van Waerbeke}, L. and Moutard, T. and Ilbert, O. and {van Uitert}, E. and Erben, T. and Garilli, B. and Guzzo, L. and Heymans, C. and Hildebrandt, H. and Hoekstra, H. and Kilbinger, M. and Kitching, T. and Mellier, Y. and Miller, L. and Scodeggio, M. and Bonnett, C. and Branchini, E. and Davidzon, I. and De Lucia, G. and Fritz, A. and Fu, L. and Hudelot, P. and Hudson, M. J. and Kuijken, K. and Leauthaud, A. and Le F\`evre, O. and McCracken, H. J. and Moscardini, L. and Rowe, B. T. P. and Schrabback, T. and Semboloni, E. and Velander, M.},
  month = may,
  year = {2015},
  keywords = {dark matter,cosmology: observations,gravitational lensing: weak,galaxies: clusters: general},
  pages = {1352-1379},
  file = {/Users/ChangHoon/Zotero/storage/J23WDEAY/Coupon et al. - 2015 - The galaxy-halo connection from a joint lensing, c.pdf}
}

@article{zu2015,
  title = {Mapping Stellar Content to Dark Matter Haloes Using Galaxy Clustering and Galaxy-Galaxy Lensing in the {{SDSS DR7}}},
  volume = {454},
  issn = {0035-8711},
  doi = {10.1093/mnras/stv2062},
  journal = {Monthly Notices of the Royal Astronomical Society},
  author = {Zu, Ying and Mandelbaum, Rachel},
  month = dec,
  year = {2015},
  keywords = {large-scale structure of Universe,cosmology: observations,methods: statistical,gravitational lensing: weak,galaxies: luminosity function,mass function},
  pages = {1161-1191},
  file = {/Users/ChangHoon/Zotero/storage/JMQFRFZ3/Zu and Mandelbaum - 2015 - Mapping stellar content to dark matter halos using.pdf}
}

@article{tinker2017,
  title = {The {{Correlation}} between {{Halo Mass}} and {{Stellar Mass}} for the {{Most Massive Galaxies}} in the {{Universe}}},
  volume = {839},
  doi = {10.3847/1538-4357/aa6845},
  language = {en},
  number = {2},
  journal = {The Astrophysical Journal},
  author = {Tinker, Jeremy L. and Brownstein, Joel R. and Guo, Hong and Leauthaud, Alexie and Maraston, Claudia and Masters, Karen and {Montero-Dorta}, Antonio D. and Thomas, Daniel and Tojeiro, Rita and Weiner, Benjamin and Zehavi, Idit and Olmstead, Matthew D.},
  month = apr,
  year = {2017},
  pages = {121},
  file = {/Users/ChangHoon/Zotero/storage/Y8KKRH8L/Tinker et al. - 2017 - The Correlation between Halo Mass and Stellar Mass.pdf;/Users/ChangHoon/Zotero/storage/3RHS956F/ui.adsabs.harvard.edu.html}
}

@article{zehavi2018,
  title = {The {{Impact}} of {{Assembly Bias}} on the {{Galaxy Content}} of {{Dark Matter Halos}}},
  volume = {853},
  doi = {10.3847/1538-4357/aaa54a},
  language = {en},
  number = {1},
  journal = {The Astrophysical Journal},
  author = {Zehavi, Idit and Contreras, Sergio and Padilla, Nelson and Smith, Nicholas J. and Baugh, Carlton M. and Norberg, Peder},
  month = jan,
  year = {2018},
  pages = {84},
  file = {/Users/ChangHoon/Zotero/storage/H756QS7N/Zehavi et al. - 2018 - The Impact of Assembly Bias on the Galaxy Content .pdf;/Users/ChangHoon/Zotero/storage/L4S3HVCX/ui.adsabs.harvard.edu.html}
}

@article{matthee2017,
  title = {The Origin of Scatter in the Stellar Mass-Halo Mass Relation of Central Galaxies in the {{EAGLE}} Simulation},
  volume = {465},
  doi = {10.1093/mnras/stw2884},
  language = {en},
  number = {2},
  journal = {Monthly Notices of the Royal Astronomical Society},
  author = {Matthee, Jorryt and Schaye, Joop and Crain, Robert A. and Schaller, Matthieu and Bower, Richard and Theuns, Tom},
  month = feb,
  year = {2017},
  pages = {2381},
  file = {/Users/ChangHoon/Zotero/storage/LHFLYYK4/Matthee et al. - 2017 - The origin of scatter in the stellar mass-halo mas.pdf;/Users/ChangHoon/Zotero/storage/9XM7CVPY/ui.adsabs.harvard.edu.html}
}

@article{santini2009,
  title = {Star Formation and Mass Assembly in High Redshift Galaxies},
  volume = {504},
  issn = {0004-6361},
  doi = {10.1051/0004-6361/200811434},
  journal = {Astronomy and Astrophysics},
  author = {Santini, P. and Fontana, A. and Grazian, A. and Salimbeni, S. and Fiore, F. and Fontanot, F. and Boutsia, K. and Castellano, M. and Cristiani, S. and {de Santis}, C. and Gallozzi, S. and Giallongo, E. and Menci, N. and Nonino, M. and Paris, D. and Pentericci, L. and Vanzella, E.},
  month = sep,
  year = {2009},
  keywords = {galaxies: evolution,galaxies: high-redshift,galaxies: starburst,galaxies: photometry,galaxies: fundamental parameters},
  pages = {751-767},
  file = {/Users/ChangHoon/Zotero/storage/AHDXPXFD/Santini et al. - 2009 - Star formation and mass assembly in high redshift .pdf}
}

@article{blanton2009,
  title = {Physical {{Properties}} and {{Environments}} of {{Nearby Galaxies}}},
  volume = {47},
  issn = {0066-4146},
  doi = {10.1146/annurev-astro-082708-101734},
  language = {en},
  journal = {Annual Review of Astronomy and Astrophysics},
  author = {Blanton, Michael R. and Moustakas, John},
  month = sep,
  year = {2009},
  pages = {159-210},
  file = {/Users/ChangHoon/Zotero/storage/H3F4SMLI/2009ARA&A..47..html}
}

@article{peng2010,
  title = {Mass and {{Environment}} as {{Drivers}} of {{Galaxy Evolution}} in {{SDSS}} and {{zCOSMOS}} and the {{Origin}} of the {{Schechter Function}}},
  volume = {721},
  issn = {0004-637X},
  doi = {10.1088/0004-637X/721/1/193},
  language = {en},
  journal = {The Astrophysical Journal},
  author = {Peng, Ying-jie and Lilly, Simon J. and Kova{\v c}, Katarina and Bolzonella, Micol and Pozzetti, Lucia and Renzini, Alvio and Zamorani, Gianni and Ilbert, Olivier and Knobel, Christian and Iovino, Angela and Maier, Christian and Cucciati, Olga and Tasca, Lidia and Carollo, C. Marcella and Silverman, John and Kampczyk, Pawel and {de Ravel}, Loic and Sanders, David and Scoville, Nicholas and Contini, Thierry and Mainieri, Vincenzo and Scodeggio, Marco and Kneib, Jean-Paul and Le F\`evre, Olivier and Bardelli, Sandro and Bongiorno, Angela and Caputi, Karina and Coppa, Graziano and {de la Torre}, Sylvain and Franzetti, Paolo and Garilli, Bianca and Lamareille, Fabrice and Le Borgne, Jean-Francois and Le Brun, Vincent and Mignoli, Marco and Perez Montero, Enrique and Pello, Roser and Ricciardelli, Elena and Tanaka, Masayuki and Tresse, Laurence and Vergani, Daniela and Welikala, Niraj and Zucca, Elena and Oesch, Pascal and Abbas, Ummi and Barnes, Luke and Bordoloi, Rongmon and Bottini, Dario and Cappi, Alberto and Cassata, Paolo and Cimatti, Andrea and Fumana, Marco and Hasinger, Gunther and Koekemoer, Anton and Leauthaud, Alexei and Maccagni, Dario and Marinoni, Christian and McCracken, Henry and Memeo, Pierdomenico and Meneux, Baptiste and Nair, Preethi and Porciani, Cristiano and Presotto, Valentina and Scaramella, Roberto},
  month = sep,
  year = {2010},
  pages = {193-221},
  file = {/Users/ChangHoon/Zotero/storage/RQZY2GNJ/2010ApJ...721..html}
}

@article{drory2009,
  title = {The {{Bimodal Galaxy Stellar Mass Function}} in the {{COSMOS Survey}} to z \textasciitilde{} 1: {{A Steep Faint End}} and a {{New Galaxy Dichotomy}}},
  volume = {707},
  issn = {0004-637X},
  shorttitle = {The {{Bimodal Galaxy Stellar Mass Function}} in the {{COSMOS Survey}} to z \textasciitilde{} 1},
  doi = {10.1088/0004-637X/707/2/1595},
  language = {en},
  journal = {The Astrophysical Journal},
  author = {Drory, N. and Bundy, K. and Leauthaud, A. and Scoville, N. and Capak, P. and Ilbert, O. and Kartaltepe, J. S. and Kneib, J. P. and McCracken, H. J. and Salvato, M. and Sanders, D. B. and Thompson, D. and Willott, C. J.},
  month = dec,
  year = {2009},
  pages = {1595-1609},
  file = {/Users/ChangHoon/Zotero/storage/AG9DBN78/2009ApJ...707.html}
}

@article{baldry2006,
  title = {Galaxy Bimodality versus Stellar Mass and Environment},
  volume = {373},
  issn = {0035-8711},
  doi = {10.1111/j.1365-2966.2006.11081.x},
  language = {en},
  journal = {Monthly Notices of the Royal Astronomical Society},
  author = {Baldry, I. K. and Balogh, M. L. and Bower, R. G. and Glazebrook, K. and Nichol, R. C. and Bamford, S. P. and Budavari, T.},
  month = dec,
  year = {2006},
  pages = {469-483},
  file = {/Users/ChangHoon/Zotero/storage/DFSMISJ6/2006MNRAS.373..html}
}

@article{leja2013,
  title = {Tracing {{Galaxies}} through {{Cosmic Time}} with {{Number Density Selection}}},
  volume = {766},
  issn = {0004-637X},
  doi = {10.1088/0004-637X/766/1/33},
  language = {en},
  journal = {The Astrophysical Journal},
  author = {Leja, Joel and {van Dokkum}, Pieter and Franx, Marijn},
  month = mar,
  year = {2013},
  file = {/Users/ChangHoon/Zotero/storage/2VHC78NR/2013ApJ...766...html}
}

@article{conroy2006,
  title = {Modeling {{Luminosity}}-Dependent {{Galaxy Clustering}} through {{Cosmic Time}}},
  volume = {647},
  issn = {0004-637X},
  doi = {10.1086/503602},
  language = {en},
  journal = {The Astrophysical Journal},
  author = {Conroy, Charlie and Wechsler, Risa H. and Kravtsov, Andrey V.},
  month = aug,
  year = {2006},
  pages = {201-214},
  file = {/Users/ChangHoon/Zotero/storage/WJFCKN6T/2006ApJ...647..html}
}

@article{speagle2014,
  title = {A {{Highly Consistent Framework}} for the {{Evolution}} of the {{Star}}-{{Forming}} "{{Main Sequence}}" from z \textasciitilde{} 0-6},
  volume = {214},
  issn = {0067-0049},
  doi = {10.1088/0067-0049/214/2/15},
  journal = {The Astrophysical Journal Supplement Series},
  author = {Speagle, J. S. and Steinhardt, C. L. and Capak, P. L. and Silverman, J. D.},
  month = oct,
  year = {2014},
  keywords = {galaxies: evolution,surveys,galaxies: star formation,radio continuum: galaxies},
  pages = {15},
  file = {/Users/ChangHoon/Zotero/storage/6NCA9EKF/Speagle et al. - 2014 - A Highly Consistent Framework for the Evolution of.pdf}
}

@article{rodriguez-puebla2016a,
  title = {Is Main-Sequence Galaxy Star Formation Controlled by Halo Mass Accretion?},
  volume = {455},
  issn = {0035-8711},
  doi = {10.1093/mnras/stv2513},
  journal = {Monthly Notices of the Royal Astronomical Society},
  author = {{Rodr\'iguez-Puebla}, Aldo and Primack, Joel R. and Behroozi, Peter and Faber, S. M.},
  month = jan,
  year = {2016},
  keywords = {cosmology: theory,galaxies: evolution,galaxies: haloes,galaxies: star formation,galaxies: luminosity function,mass function},
  pages = {2592-2606},
  file = {/Users/ChangHoon/Zotero/storage/22D5HSS8/Rodríguez-Puebla et al. - 2016 - Is main-sequence galaxy star formation controlled .pdf}
}

@article{peng2015,
  archivePrefix = {arXiv},
  eprinttype = {arxiv},
  eprint = {1505.03143},
  title = {Strangulation as the Primary Mechanism for Shutting down Star Formation in Galaxies},
  volume = {521},
  issn = {0028-0836, 1476-4687},
  doi = {10.1038/nature14439},
  number = {7551},
  journal = {Nature},
  author = {Peng, Yingjie and Maiolino, Roberto and Cochrane, Rachel},
  month = may,
  year = {2015},
  keywords = {Astrophysics - Astrophysics of Galaxies},
  pages = {192-195},
  file = {/Users/ChangHoon/Zotero/storage/36R2CNJB/Peng et al. - 2015 - Strangulation as the primary mechanism for shuttin.pdf;/Users/ChangHoon/Zotero/storage/2JYIXP8Z/1505.html}
}

@article{hahn2015,
  title = {{{PRIMUS}}: {{Effects}} of {{Galaxy Environment}} on the {{Quiescent Fraction Evolution}} at z {$<$} 0.8},
  volume = {806},
  issn = {0004-637X},
  shorttitle = {{{PRIMUS}}},
  doi = {10.1088/0004-637X/806/2/162},
  journal = {The Astrophysical Journal},
  author = {Hahn, ChangHoon and Blanton, Michael R. and Moustakas, John and Coil, Alison L. and Cool, Richard J. and Eisenstein, Daniel J. and Skibba, Ramin A. and Wong, Kenneth C. and Zhu, Guangtun},
  month = jun,
  year = {2015},
  keywords = {galaxies: evolution,cosmology: observations,galaxies: star formation,galaxies: statistics,galaxies: groups: general},
  pages = {162},
  file = {/Users/ChangHoon/Zotero/storage/CSZF5PRF/Hahn et al. - 2015 - PRIMUS Effects of Galaxy Environment on the Quies.pdf}
}

@article{papovich2018,
  archivePrefix = {arXiv},
  eprinttype = {arxiv},
  eprint = {1801.04934},
  primaryClass = {astro-ph},
  title = {The {{Effects}} of {{Environment}} on the {{Evolution}} of the {{Galaxy Stellar Mass Function}}},
  journal = {arXiv:1801.04934 [astro-ph]},
  author = {Papovich, Casey and Kawinwanichakij, Lalitwadee and Quadri, Ryan and Glazebrook, Karl and Labbe, Ivo and Tran, Kim-Vy and Forrest, Ben and Kacprzak, Glenn G. and Spitler, Lee R. and Straatman, Caroline S. and Tomczak, Adam},
  month = jan,
  year = {2018},
  keywords = {Astrophysics - Astrophysics of Galaxies},
  file = {/Users/ChangHoon/Zotero/storage/5GG7A7GS/Papovich et al. - 2018 - The Effects of Environment on the Evolution of the.pdf;/Users/ChangHoon/Zotero/storage/DC9YZ53Q/1801.html}
}

@article{marchesini2009,
  title = {The {{Evolution}} of the {{Stellar Mass Function}} of {{Galaxies}} from z = 4.0 and the {{First Comprehensive Analysis}} of Its {{Uncertainties}}: {{Evidence}} for {{Mass}}-{{Dependent Evolution}}},
  volume = {701},
  issn = {0004-637X},
  shorttitle = {The {{Evolution}} of the {{Stellar Mass Function}} of {{Galaxies}} from z = 4.0 and the {{First Comprehensive Analysis}} of Its {{Uncertainties}}},
  doi = {10.1088/0004-637X/701/2/1765},
  journal = {The Astrophysical Journal},
  author = {Marchesini, Danilo and {van Dokkum}, Pieter G. and F\"orster Schreiber, Natascha M. and Franx, Marijn and Labb\'e, Ivo and Wuyts, Stijn},
  month = aug,
  year = {2009},
  keywords = {galaxies: evolution,infrared: galaxies,galaxies: formation,galaxies: high-redshift,galaxies: luminosity function,mass function,galaxies: stellar content,galaxies: fundamental parameters,galaxies: distances and redshifts},
  pages = {1765-1796},
  file = {/Users/ChangHoon/Zotero/storage/YZXTNK4T/Marchesini et al. - 2009 - The Evolution of the Stellar Mass Function of Gala.pdf}
}

@article{alsing2018,
  archivePrefix = {arXiv},
  eprinttype = {arxiv},
  eprint = {1801.01497},
  primaryClass = {astro-ph},
  title = {Massive Optimal Data Compression and Density Estimation for Scalable, Likelihood-Free Inference in Cosmology},
  journal = {arXiv:1801.01497 [astro-ph]},
  author = {Alsing, Justin and Wandelt, Benjamin and Feeney, Stephen},
  month = jan,
  year = {2018},
  keywords = {Astrophysics - Cosmology and Nongalactic Astrophysics},
  file = {/Users/ChangHoon/Zotero/storage/F4FBTJAK/Alsing et al. - 2018 - Massive optimal data compression and density estim.pdf;/Users/ChangHoon/Zotero/storage/YUDBNXSM/1801.html}
}

@incollection{neal1998,
  series = {{{NATO ASI Series}}},
  title = {A {{View}} of the {{Em Algorithm}} That {{Justifies Incremental}}, {{Sparse}}, and Other {{Variants}}},
  isbn = {978-94-010-6104-9 978-94-011-5014-9},
  language = {en},
  booktitle = {Learning in {{Graphical Models}}},
  publisher = {{Springer, Dordrecht}},
  author = {Neal, Radford M. and Hinton, Geoffrey E.},
  year = {1998},
  pages = {355-368},
  file = {/Users/ChangHoon/Zotero/storage/HIYA5M8Y/Neal and Hinton - 1998 - A View of the Em Algorithm that Justifies Incremen.pdf;/Users/ChangHoon/Zotero/storage/YKWQR7HD/978-94-011-5014-9_12.html},
  doi = {10.1007/978-94-011-5014-9_12}
}

@article{desicollaboration2016,
  archivePrefix = {arXiv},
  eprinttype = {arxiv},
  eprint = {1611.00036},
  primaryClass = {astro-ph},
  title = {The {{DESI Experiment Part I}}: {{Science}},{{Targeting}}, and {{Survey Design}}},
  shorttitle = {The {{DESI Experiment Part I}}},
  journal = {arXiv:1611.00036 [astro-ph]},
  author = {DESI Collaboration and Aghamousa, Amir and Aguilar, Jessica and Ahlen, Steve and Alam, Shadab and Allen, Lori E. and Prieto, Carlos Allende and Annis, James and Bailey, Stephen and Balland, Christophe and Ballester, Otger and Baltay, Charles and Beaufore, Lucas and Bebek, Chris and Beers, Timothy C. and Bell, Eric F. and Bernal, Jos\'e Luis and Besuner, Robert and Beutler, Florian and Blake, Chris and Bleuler, Hannes and Blomqvist, Michael and Blum, Robert and Bolton, Adam S. and Briceno, Cesar and Brooks, David and Brownstein, Joel R. and {Buckley-Geer}, Elizabeth and Burden, Angela and Burtin, Etienne and Busca, Nicolas G. and Cahn, Robert N. and Cai, Yan-Chuan and {Cardiel-Sas}, Laia and Carlberg, Raymond G. and Carton, Pierre-Henri and Casas, Ricard and Castander, Francisco J. and {Cervantes-Cota}, Jorge L. and Claybaugh, Todd M. and Close, Madeline and Coker, Carl T. and Cole, Shaun and Comparat, Johan and Cooper, Andrew P. and Cousinou, M.-C. and Crocce, Martin and Cuby, Jean-Gabriel and Cunningham, Daniel P. and Davis, Tamara M. and Dawson, Kyle S. and {de la Macorra}, Axel and De Vicente, Juan and Delubac, Timoth\'ee and Derwent, Mark and Dey, Arjun and Dhungana, Govinda and Ding, Zhejie and Doel, Peter and Duan, Yutong T. and Ealet, Anne and Edelstein, Jerry and Eftekharzadeh, Sarah and Eisenstein, Daniel J. and Elliott, Ann and Escoffier, St\'ephanie and Evatt, Matthew and Fagrelius, Parker and Fan, Xiaohui and Fanning, Kevin and Farahi, Arya and Farihi, Jay and Favole, Ginevra and Feng, Yu and Fernandez, Enrique and Findlay, Joseph R. and Finkbeiner, Douglas P. and Fitzpatrick, Michael J. and Flaugher, Brenna and Flender, Samuel and {Font-Ribera}, Andreu and {Forero-Romero}, Jaime E. and Fosalba, Pablo and Frenk, Carlos S. and Fumagalli, Michele and Gaensicke, Boris T. and Gallo, Giuseppe and {Garcia-Bellido}, Juan and Gaztanaga, Enrique and Fusillo, Nicola Pietro Gentile and Gerard, Terry and Gershkovich, Irena and Giannantonio, Tommaso and Gillet, Denis and {Gonzalez-de-Rivera}, Guillermo and {Gonzalez-Perez}, Violeta and Gott, Shelby and Graur, Or and Gutierrez, Gaston and Guy, Julien and Habib, Salman and Heetderks, Henry and Heetderks, Ian and Heitmann, Katrin and Hellwing, Wojciech A. and Herrera, David A. and Ho, Shirley and Holland, Stephen and Honscheid, Klaus and Huff, Eric and Hutchinson, Timothy A. and Huterer, Dragan and Hwang, Ho Seong and Laguna, Joseph Maria Illa and Ishikawa, Yuzo and Jacobs, Dianna and Jeffrey, Niall and Jelinsky, Patrick and Jennings, Elise and Jiang, Linhua and Jimenez, Jorge and Johnson, Jennifer and Joyce, Richard and Jullo, Eric and Juneau, St\'ephanie and Kama, Sami and Karcher, Armin and Karkar, Sonia and Kehoe, Robert and Kennamer, Noble and Kent, Stephen and Kilbinger, Martin and Kim, Alex G. and Kirkby, David and Kisner, Theodore and Kitanidis, Ellie and Kneib, Jean-Paul and Koposov, Sergey and Kovacs, Eve and Koyama, Kazuya and Kremin, Anthony and Kron, Richard and Kronig, Luzius and {Kueter-Young}, Andrea and Lacey, Cedric G. and Lafever, Robin and Lahav, Ofer and Lambert, Andrew and Lampton, Michael and Landriau, Martin and Lang, Dustin and Lauer, Tod R. and Goff, Jean-Marc Le and Guillou, Laurent Le and Van Suu, Auguste Le and Lee, Jae Hyeon and Lee, Su-Jeong and Leitner, Daniela and Lesser, Michael and Levi, Michael E. and L'Huillier, Benjamin and Li, Baojiu and Liang, Ming and Lin, Huan and Linder, Eric and Loebman, Sarah R. and Luki\'c, Zarija and Ma, Jun and MacCrann, Niall and Magneville, Christophe and Makarem, Laleh and Manera, Marc and Manser, Christopher J. and Marshall, Robert and Martini, Paul and Massey, Richard and Matheson, Thomas and McCauley, Jeremy and McDonald, Patrick and McGreer, Ian D. and Meisner, Aaron and Metcalfe, Nigel and Miller, Timothy N. and Miquel, Ramon and Moustakas, John and Myers, Adam and Naik, Milind and Newman, Jeffrey A. and Nichol, Robert C. and Nicola, Andrina and {da Costa}, Luiz Nicolati and Nie, Jundan and Niz, Gustavo and Norberg, Peder and Nord, Brian and Norman, Dara and Nugent, Peter and O'Brien, Thomas and Oh, Minji and Olsen, Knut A. G. and Padilla, Cristobal and Padmanabhan, Hamsa and Padmanabhan, Nikhil and {Palanque-Delabrouille}, Nathalie and Palmese, Antonella and Pappalardo, Daniel and P\^aris, Isabelle and Park, Changbom and Patej, Anna and Peacock, John A. and Peiris, Hiranya V. and Peng, Xiyan and Percival, Will J. and Perruchot, Sandrine and Pieri, Matthew M. and Pogge, Richard and Pollack, Jennifer E. and Poppett, Claire and Prada, Francisco and Prakash, Abhishek and Probst, Ronald G. and Rabinowitz, David and Raichoor, Anand and Ree, Chang Hee and Refregier, Alexandre and Regal, Xavier and Reid, Beth and Reil, Kevin and Rezaie, Mehdi and Rockosi, Constance M. and Roe, Natalie and Ronayette, Samuel and Roodman, Aaron and Ross, Ashley J. and Ross, Nicholas P. and Rossi, Graziano and Rozo, Eduardo and {Ruhlmann-Kleider}, Vanina and Rykoff, Eli S. and Sabiu, Cristiano and Samushia, Lado and Sanchez, Eusebio and Sanchez, Javier and Schlegel, David J. and Schneider, Michael and Schubnell, Michael and Secroun, Aur\'elia and Seljak, Uros and Seo, Hee-Jong and Serrano, Santiago and Shafieloo, Arman and Shan, Huanyuan and Sharples, Ray and Sholl, Michael J. and Shourt, William V. and Silber, Joseph H. and Silva, David R. and Sirk, Martin M. and Slosar, Anze and Smith, Alex and Smoot, George F. and Som, Debopam and Song, Yong-Seon and Sprayberry, David and Staten, Ryan and Stefanik, Andy and Tarle, Gregory and Tie, Suk Sien and Tinker, Jeremy L. and Tojeiro, Rita and Valdes, Francisco and Valenzuela, Octavio and Valluri, Monica and {Vargas-Magana}, Mariana and Verde, Licia and Walker, Alistair R. and Wang, Jiali and Wang, Yuting and Weaver, Benjamin A. and Weaverdyck, Curtis and Wechsler, Risa H. and Weinberg, David H. and White, Martin and Yang, Qian and Yeche, Christophe and Zhang, Tianmeng and Zhao, Gong-Bo and Zheng, Yi and Zhou, Xu and Zhou, Zhimin and Zhu, Yaling and Zou, Hu and Zu, Ying},
  month = oct,
  year = {2016},
  keywords = {Astrophysics - Cosmology and Nongalactic Astrophysics,Astrophysics - Instrumentation and Methods for Astrophysics},
  file = {/Users/ChangHoon/Zotero/storage/VWVMPIGJ/DESI Collaboration et al. - 2016 - The DESI Experiment Part I Science,Targeting, and.pdf;/Users/ChangHoon/Zotero/storage/M8HGRXRJ/1611.html}
}

@article{tojeiro2017,
  title = {Galaxy and {{Mass Assembly}} ({{GAMA}}): Halo Formation Times and Halo Assembly Bias on the Cosmic Web},
  volume = {470},
  issn = {0035-8711},
  shorttitle = {Galaxy and {{Mass Assembly}} ({{GAMA}})},
  doi = {10.1093/mnras/stx1466},
  journal = {Monthly Notices of the Royal Astronomical Society},
  author = {Tojeiro, Rita and Eardley, Elizabeth and Peacock, John A. and Norberg, Peder and Alpaslan, Mehmet and Driver, Simon P. and Henriques, Bruno and Hopkins, Andrew M. and Kafle, Prajwal R. and Robotham, Aaron S. G. and Thomas, Peter and Tonini, Chiara and Wild, Vivienne},
  month = sep,
  year = {2017},
  keywords = {galaxies: haloes,large-scale structure of Universe,cosmology: observations},
  pages = {3720-3741},
  file = {/Users/ChangHoon/Zotero/storage/6XWPAV7W/Tojeiro et al. - 2017 - Galaxy and Mass Assembly (GAMA) halo formation ti.pdf}
}

@article{conroy2009,
  archivePrefix = {arXiv},
  eprinttype = {arxiv},
  eprint = {0809.4261},
  title = {The Propagation of Uncertainties in Stellar Population Synthesis Modeling {{I}}: {{The}} Relevance of Uncertain Aspects of Stellar Evolution and the {{IMF}} to the Derived Physical Properties of Galaxies},
  volume = {699},
  issn = {0004-637X, 1538-4357},
  shorttitle = {The Propagation of Uncertainties in Stellar Population Synthesis Modeling {{I}}},
  doi = {10.1088/0004-637X/699/1/486},
  number = {1},
  journal = {The Astrophysical Journal},
  author = {Conroy, Charlie and Gunn, James E. and White, Martin},
  month = jul,
  year = {2009},
  keywords = {Astrophysics},
  pages = {486-506},
  file = {/Users/ChangHoon/Zotero/storage/DKY5FF9W/Conroy et al. - 2009 - The propagation of uncertainties in stellar popula.pdf;/Users/ChangHoon/Zotero/storage/N2IGMZ62/0809.html}
}

@article{carnall2018,
  archivePrefix = {arXiv},
  eprinttype = {arxiv},
  eprint = {1811.03635},
  primaryClass = {astro-ph},
  title = {How to Measure Galaxy Star-Formation Histories {{I}}: {{Parametric}} Models},
  shorttitle = {How to Measure Galaxy Star-Formation Histories {{I}}},
  journal = {arXiv:1811.03635 [astro-ph]},
  author = {Carnall, A. C. and Leja, J. and Johnson, B. D. and McLure, R. J. and Dunlop, J. S. and Conroy, C.},
  month = nov,
  year = {2018},
  keywords = {Astrophysics - Astrophysics of Galaxies,Astrophysics - Instrumentation and Methods for Astrophysics},
  file = {/Users/ChangHoon/Zotero/storage/5842SKVT/Carnall et al. - 2018 - How to measure galaxy star-formation histories I .pdf;/Users/ChangHoon/Zotero/storage/N9HT2VB7/1811.html}
}

@article{leja2018a,
  archivePrefix = {arXiv},
  eprinttype = {arxiv},
  eprint = {1811.03637},
  primaryClass = {astro-ph},
  title = {How to Measure Galaxy Star Formation Histories {{II}}: {{Nonparametric}} Models},
  shorttitle = {How to Measure Galaxy Star Formation Histories {{II}}},
  journal = {arXiv:1811.03637 [astro-ph]},
  author = {Leja, Joel and Carnall, Adam C. and Johnson, Benjamin D. and Conroy, Charlie and Speagle, Joshua S.},
  month = nov,
  year = {2018},
  keywords = {Astrophysics - Astrophysics of Galaxies},
  file = {/Users/ChangHoon/Zotero/storage/9YB5U2YE/Leja et al. - 2018 - How to measure galaxy star formation histories II.pdf;/Users/ChangHoon/Zotero/storage/KKHXN36V/1811.html}
}

@article{lange2018a,
  archivePrefix = {arXiv},
  eprinttype = {arxiv},
  eprint = {1811.03596},
  primaryClass = {astro-ph},
  title = {Updated {{Results}} on the {{Galaxy}}-{{Halo Connection}} from {{Satellite Kinematics}} in {{SDSS}}},
  journal = {arXiv:1811.03596 [astro-ph]},
  author = {Lange, Johannes U. and van den Bosch, Frank C. and Zentner, Andrew R. and Wang, Kuan and Villarreal, Antonio S.},
  month = nov,
  year = {2018},
  keywords = {Astrophysics - Astrophysics of Galaxies,Astrophysics - Cosmology and Nongalactic Astrophysics},
  file = {/Users/ChangHoon/Zotero/storage/7XKU5K8F/Lange et al. - 2018 - Updated Results on the Galaxy-Halo Connection from.pdf;/Users/ChangHoon/Zotero/storage/6KUX9VEH/1811.html}
}

@article{roediger2015,
  title = {On the Uncertainties of Stellar Mass Estimates via Colour Measurements},
  volume = {452},
  issn = {0035-8711},
  doi = {10.1093/mnras/stv1499},
  journal = {Monthly Notices of the Royal Astronomical Society},
  author = {Roediger, Joel C. and Courteau, St\'ephane},
  month = sep,
  year = {2015},
  keywords = {galaxies: formation,galaxies: general,galaxies: stellar content,galaxies: fundamental parameters,galaxies: clusters: individual: Virgo},
  pages = {3209-3225},
  file = {/Users/ChangHoon/Zotero/storage/NTJZS6UQ/Roediger and Courteau - 2015 - On the uncertainties of stellar mass estimates via.pdf}
}

@article{tinker2018b,
  title = {Halo Histories versus Galaxy Properties at z = 0 - {{III}}. {{The}} Properties of Star-Forming Galaxies},
  volume = {478},
  issn = {0035-8711},
  doi = {10.1093/mnras/sty1263},
  journal = {Monthly Notices of the Royal Astronomical Society},
  author = {Tinker, Jeremy L. and Hahn, ChangHoon and Mao, Yao-Yuan and Wetzel, Andrew R.},
  month = aug,
  year = {2018},
  keywords = {galaxies: evolution,cosmology: observations},
  pages = {4487-4499},
  file = {/Users/ChangHoon/Zotero/storage/A3I9H246/Tinker et al. - 2018 - Halo histories versus galaxy properties at z = 0 -.pdf}
}

@article{watson2015,
  title = {Predicting Galaxy Star Formation Rates via the Co-Evolution of Galaxies and Haloes},
  volume = {446},
  issn = {0035-8711},
  doi = {10.1093/mnras/stu2065},
  journal = {Monthly Notices of the Royal Astronomical Society},
  author = {Watson, Douglas F. and Hearin, Andrew P. and Berlind, Andreas A. and Becker, Matthew R. and Behroozi, Peter S. and Skibba, Ramin A. and Reyes, Reinabelle and Zentner, Andrew R. and {van den Bosch}, Frank C.},
  month = jan,
  year = {2015},
  keywords = {cosmology: theory,dark matter,galaxies: evolution,galaxies: haloes,galaxies: star formation},
  pages = {651-662},
  file = {/Users/ChangHoon/Zotero/storage/SWLHQ6IT/Watson et al. - 2015 - Predicting galaxy star formation rates via the co-.pdf}
}

@article{lim2016,
  title = {An Observational Proxy of Halo Assembly Time and Its Correlation with Galaxy Properties},
  volume = {455},
  issn = {0035-8711},
  doi = {10.1093/mnras/stv2282},
  journal = {Monthly Notices of the Royal Astronomical Society},
  author = {Lim, S. H. and Mo, H. J. and Wang, Huiyuan and Yang, Xiaohu},
  month = jan,
  year = {2016},
  keywords = {galaxies: evolution,galaxies: haloes,methods: statistical,galaxies: formation},
  pages = {499-510},
  file = {/Users/ChangHoon/Zotero/storage/2WMZ5IEU/Lim et al. - 2016 - An observational proxy of halo assembly time and i.pdf}
}

@article{artale2018,
  title = {The Impact of Assembly Bias on the Halo Occupation in Hydrodynamical Simulations},
  volume = {480},
  issn = {0035-8711},
  doi = {10.1093/mnras/sty2110},
  journal = {Monthly Notices of the Royal Astronomical Society},
  author = {Artale, M. Celeste and Zehavi, Idit and Contreras, Sergio and Norberg, Peder},
  month = nov,
  year = {2018},
  keywords = {cosmology: theory,galaxies: haloes,large-scale structure of Universe,galaxies: formation,galaxies: statistics},
  pages = {3978-3992},
  file = {/Users/ChangHoon/Zotero/storage/6DMELF53/Artale et al. - 2018 - The impact of assembly bias on the halo occupation.pdf}
}

@article{silk2012,
  title = {The Current Status of Galaxy Formation},
  volume = {12},
  issn = {1674-4527},
  doi = {10.1088/1674-4527/12/8/004},
  journal = {Research in Astronomy and Astrophysics},
  author = {Silk, Joseph and Mamon, Gary A.},
  month = aug,
  year = {2012},
  pages = {917-946},
  file = {/Users/ChangHoon/Zotero/storage/QAIG4JAP/Silk and Mamon - 2012 - The current status of galaxy formation.pdf}
}

@article{patel2015,
  title = {The {{Stellar Mass}}-{{Halo Mass Relation}} for {{Low}}-Mass {{X}}-{{Ray Groups At}} 0.5{$<$} Z{$<$} 1 in the {{CDFS With CSI}}},
  volume = {799},
  issn = {0004-637X},
  doi = {10.1088/2041-8205/799/2/L17},
  journal = {The Astrophysical Journal Letters},
  author = {Patel, Shannon G. and Kelson, Daniel D. and Williams, Rik J. and Mulchaey, John S. and Dressler, Alan and McCarthy, Patrick J. and Shectman, Stephen A.},
  month = feb,
  year = {2015},
  keywords = {galaxies: formation,galaxies: halos,galaxies: groups: general},
  pages = {L17},
  file = {/Users/ChangHoon/Zotero/storage/IT4Q77GI/Patel et al. - 2015 - The Stellar Mass-Halo Mass Relation for Low-mass X.pdf}
}

@article{zehavi2011,
  title = {Galaxy {{Clustering}} in the {{Completed SDSS Redshift Survey}}: {{The Dependence}} on {{Color}} and {{Luminosity}}},
  volume = {736},
  issn = {0004-637X},
  shorttitle = {Galaxy {{Clustering}} in the {{Completed SDSS Redshift Survey}}},
  doi = {10.1088/0004-637X/736/1/59},
  journal = {The Astrophysical Journal},
  author = {Zehavi, Idit and Zheng, Zheng and Weinberg, David H. and Blanton, Michael R. and Bahcall, Neta A. and Berlind, Andreas A. and Brinkmann, Jon and Frieman, Joshua A. and Gunn, James E. and Lupton, Robert H. and Nichol, Robert C. and Percival, Will J. and Schneider, Donald P. and Skibba, Ramin A. and Strauss, Michael A. and Tegmark, Max and York, Donald G.},
  month = jul,
  year = {2011},
  keywords = {cosmology: theory,cosmology: observations,galaxies: halos,galaxies: statistics,galaxies: distances and redshifts,large-scale structure of universe},
  pages = {59},
  file = {/Users/ChangHoon/Zotero/storage/426NZB2E/Zehavi et al. - 2011 - Galaxy Clustering in the Completed SDSS Redshift S.pdf}
}

@article{parejko2013,
  title = {The Clustering of Galaxies in the {{SDSS}}-{{III Baryon Oscillation Spectroscopic Survey}}: The Low-Redshift Sample},
  volume = {429},
  issn = {0035-8711},
  shorttitle = {The Clustering of Galaxies in the {{SDSS}}-{{III Baryon Oscillation Spectroscopic Survey}}},
  doi = {10.1093/mnras/sts314},
  journal = {Monthly Notices of the Royal Astronomical Society},
  author = {Parejko, John K. and Sunayama, Tomomi and Padmanabhan, Nikhil and Wake, David A. and Berlind, Andreas A. and Bizyaev, Dmitry and Blanton, Michael and Bolton, Adam S. and {van den Bosch}, Frank and Brinkmann, Jon and Brownstein, Joel R. and {da Costa}, Luiz Alberto Nicolaci and Eisenstein, Daniel J. and Guo, Hong and Kazin, Eyal and Maia, Marcio and Malanushenko, Elena and Maraston, Claudia and McBride, Cameron K. and Nichol, Robert C. and Oravetz, Daniel J. and Pan, Kaike and Percival, Will J. and Prada, Francisco and Ross, Ashley J. and Ross, Nicholas P. and Schlegel, David J. and Schneider, Don and Simmons, Audrey E. and Skibba, Ramin and Tinker, Jeremy and Tojeiro, Rita and Weaver, Benjamin A. and Wetzel, Andrew and White, Martin and Weinberg, David H. and Thomas, Daniel and Zehavi, Idit and Zheng, Zheng},
  month = feb,
  year = {2013},
  keywords = {galaxies: evolution,galaxies: haloes,large-scale structure of Universe,surveys,galaxies: statistics},
  pages = {98-112},
  file = {/Users/ChangHoon/Zotero/storage/AT4DM7D9/Parejko et al. - 2013 - The clustering of galaxies in the SDSS-III Baryon .pdf}
}

@article{kravtsov2004,
  title = {The {{Dark Side}} of the {{Halo Occupation Distribution}}},
  volume = {609},
  issn = {0004-637X},
  doi = {10.1086/420959},
  journal = {The Astrophysical Journal},
  author = {Kravtsov, Andrey V. and Berlind, Andreas A. and Wechsler, Risa H. and Klypin, Anatoly A. and Gottl\"ober, Stefan and Allgood, Brandon and Primack, Joel R.},
  month = jul,
  year = {2004},
  keywords = {Galaxies: Halos,Galaxies: Formation,Cosmology: Large-Scale Structure of Universe,Cosmology: Theory,Methods: Numerical},
  pages = {35-49},
  file = {/Users/ChangHoon/Zotero/storage/FVKB4IJR/Kravtsov et al. - 2004 - The Dark Side of the Halo Occupation Distribution.pdf}
}

@article{moster2013,
  title = {Galactic Star Formation and Accretion Histories from Matching Galaxies to Dark Matter Haloes},
  volume = {428},
  issn = {0035-8711},
  doi = {10.1093/mnras/sts261},
  journal = {Monthly Notices of the Royal Astronomical Society},
  author = {Moster, Benjamin P. and Naab, Thorsten and White, Simon D. M.},
  month = feb,
  year = {2013},
  keywords = {cosmology: theory,dark matter,galaxies: evolution,galaxies: high-redshift,galaxies: statistics,galaxies: stellar content},
  pages = {3121-3138},
  file = {/Users/ChangHoon/Zotero/storage/HPFUF4BX/Moster et al. - 2013 - Galactic star formation and accretion histories fr.pdf}
}

@article{taghizadeh-popp2015,
  title = {Simulating {{Deep Hubble Images}} with {{Semi}}-Empirical {{Models}} of {{Galaxy Formation}}},
  volume = {801},
  issn = {0004-637X},
  doi = {10.1088/0004-637X/801/1/14},
  journal = {The Astrophysical Journal},
  author = {{Taghizadeh-Popp}, Manuchehr and Fall, S. Michael and White, Richard L. and Szalay, Alexander S.},
  month = mar,
  year = {2015},
  keywords = {galaxies: evolution,galaxies: formation,galaxies: general,galaxies: statistics,galaxies: fundamental parameters,large-scale structure of universe},
  pages = {14},
  file = {/Users/ChangHoon/Zotero/storage/3BY3CK6H/Taghizadeh-Popp et al. - 2015 - Simulating Deep Hubble Images with Semi-empirical .pdf}
}

@article{becker2015,
  title = {Connecting {{Galaxies}} with {{Halos Across Cosmic Time}}: {{Stellar}} Mass Assembly Distribution Modeling of Galaxy Statistics},
  volume = {1507},
  shorttitle = {Connecting {{Galaxies}} with {{Halos Across Cosmic Time}}},
  journal = {arXiv e-prints},
  author = {Becker, Matthew R.},
  month = jul,
  year = {2015},
  keywords = {Astrophysics - Astrophysics of Galaxies},
  pages = {arXiv:1507.03605}
}

@article{mitra2017,
  title = {Equilibrium Model Prediction for the Scatter in the Star-Forming Main Sequence},
  volume = {464},
  issn = {0035-8711},
  doi = {10.1093/mnras/stw2527},
  journal = {Monthly Notices of the Royal Astronomical Society},
  author = {Mitra, Sourav and Dav\'e, Romeel and Simha, Vimal and Finlator, Kristian},
  month = jan,
  year = {2017},
  keywords = {galaxies: evolution,galaxies: formation,galaxies: luminosity function,mass function,galaxies: abundances},
  pages = {2766-2776},
  file = {/Users/ChangHoon/Zotero/storage/AB2XKML2/Mitra et al. - 2017 - Equilibrium model prediction for the scatter in th.pdf}
}

@article{cohn2017,
  title = {Some Observational Tests of a Minimal Galaxy Formation Model},
  volume = {466},
  issn = {0035-8711},
  doi = {10.1093/mnras/stw3202},
  journal = {Monthly Notices of the Royal Astronomical Society},
  author = {Cohn, J. D.},
  month = apr,
  year = {2017},
  keywords = {galaxies: evolution,galaxies: haloes,galaxies: formation},
  pages = {2718-2735},
  file = {/Users/ChangHoon/Zotero/storage/MACIK2RQ/Cohn - 2017 - Some observational tests of a minimal galaxy forma.pdf}
}

@article{gunn1972,
  title = {On the {{Infall}} of {{Matter Into Clusters}} of {{Galaxies}} and {{Some Effects}} on {{Their Evolution}}},
  volume = {176},
  issn = {0004-637X},
  doi = {10.1086/151605},
  journal = {The Astrophysical Journal},
  author = {Gunn, James E. and Gott, III, J. Richard},
  month = aug,
  year = {1972},
  pages = {1},
  file = {/Users/ChangHoon/Zotero/storage/DS8KNCI9/Gunn and Gott - 1972 - On the Infall of Matter Into Clusters of Galaxies .pdf}
}

@article{bekki2009,
  title = {Ram-Pressure Stripping of Halo Gas in Disc Galaxies: Implications for Galactic Star Formation in Different Environments},
  volume = {399},
  issn = {0035-8711},
  shorttitle = {Ram-Pressure Stripping of Halo Gas in Disc Galaxies},
  doi = {10.1111/j.1365-2966.2009.15431.x},
  journal = {Monthly Notices of the Royal Astronomical Society},
  author = {Bekki, Kenji},
  month = nov,
  year = {2009},
  keywords = {galaxies: haloes,galaxies: structure,galaxies: kinematics and dynamics},
  pages = {2221-2230},
  file = {/Users/ChangHoon/Zotero/storage/TER6XCCN/Bekki - 2009 - Ram-pressure stripping of halo gas in disc galaxie.pdf}
}

@article{larson1980,
  title = {The Evolution of Disk Galaxies and the Origin of {{S0}} Galaxies},
  volume = {237},
  issn = {0004-637X},
  doi = {10.1086/157917},
  journal = {The Astrophysical Journal},
  author = {Larson, R. B. and Tinsley, B. M. and Caldwell, C. N.},
  month = may,
  year = {1980},
  keywords = {Stellar Evolution,Galactic Evolution,Galactic Structure,Spiral Galaxies,Digital Simulation,Disk Galaxies,Gas Evolution,Stellar Magnitude},
  pages = {692-707},
  file = {/Users/ChangHoon/Zotero/storage/8V5HGPBF/Larson et al. - 1980 - The evolution of disk galaxies and the origin of S.pdf}
}

@article{moore1998,
  title = {Morphological {{Transformation}} from {{Galaxy Harassment}}},
  volume = {495},
  issn = {0004-637X},
  doi = {10.1086/305264},
  journal = {The Astrophysical Journal},
  author = {Moore, Ben and Lake, George and Katz, Neal},
  month = mar,
  year = {1998},
  keywords = {Galaxies: Evolution,GALAXIES: EVOLUTION,Galaxies: Structure,GALAXIES: STRUCTURE,Galaxies: Starburst,METHODS: NUMERICAL,Methods: Numerical,Galaxies: Interactions,GALAXIES: INTERACTIONS,GALAXIES: STARBURST},
  pages = {139-151},
  file = {/Users/ChangHoon/Zotero/storage/8U3YFAM9/Moore et al. - 1998 - Morphological Transformation from Galaxy Harassmen.pdf}
}

@article{hopkins2014,
  title = {Galaxies on {{FIRE}} ({{Feedback In Realistic Environments}}): Stellar Feedback Explains Cosmologically Inefficient Star Formation},
  volume = {445},
  issn = {0035-8711},
  shorttitle = {Galaxies on {{FIRE}} ({{Feedback In Realistic Environments}})},
  doi = {10.1093/mnras/stu1738},
  journal = {Monthly Notices of the Royal Astronomical Society},
  author = {Hopkins, Philip F. and Kere{\v s}, Du{\v s}an and O\~norbe, Jos\'e and {Faucher-Gigu\`ere}, Claude-Andr\'e and Quataert, Eliot and Murray, Norman and Bullock, James S.},
  month = nov,
  year = {2014},
  keywords = {cosmology: theory,galaxies: evolution,galaxies: formation,stars: formation,galaxies: active},
  pages = {581-603},
  file = {/Users/ChangHoon/Zotero/storage/KAD8QNI7/Hopkins et al. - 2014 - Galaxies on FIRE (Feedback In Realistic Environmen.pdf}
}

@article{governato2015,
  title = {Faint Dwarfs as a Test of {{DM}} Models: {{WDM}} versus {{CDM}}},
  volume = {448},
  issn = {0035-8711},
  shorttitle = {Faint Dwarfs as a Test of {{DM}} Models},
  doi = {10.1093/mnras/stu2720},
  journal = {Monthly Notices of the Royal Astronomical Society},
  author = {Governato, F. and Weisz, D. and Pontzen, A. and Loebman, S. and Reed, D. and Brooks, A. M. and Behroozi, P. and Christensen, C. and Madau, P. and Mayer, L. and Shen, S. and Walker, M. and Quinn, T. and Keller, B. W. and Wadsley, J.},
  month = mar,
  year = {2015},
  keywords = {galaxies: formation,hydrodynamics,Galaxy: formation},
  pages = {792-803},
  file = {/Users/ChangHoon/Zotero/storage/ERLICG7Z/Governato et al. - 2015 - Faint dwarfs as a test of DM models WDM versus CD.pdf}
}

@article{old2014,
  title = {Galaxy Cluster Mass Reconstruction Project - {{I}}. {{Methods}} and First Results on Galaxy-Based Techniques},
  volume = {441},
  issn = {0035-8711},
  doi = {10.1093/mnras/stu545},
  journal = {Monthly Notices of the Royal Astronomical Society},
  author = {Old, L. and Skibba, R. A. and Pearce, F. R. and Croton, D. and Muldrew, S. I. and {Mu\~noz-Cuartas}, J. C. and Gifford, D. and Gray, M. E. and {von der Linden}, A. and Mamon, G. A. and Merrifield, M. R. and M\"uller, V. and Pearson, R. J. and Ponman, T. J. and Saro, A. and Sepp, T. and Sif\'on, C. and Tempel, E. and Tundo, E. and Wang, Y. O. and Wojtak, R.},
  month = jun,
  year = {2014},
  keywords = {galaxies: haloes,cosmology: observations,methods: statistical,galaxies: clusters: general,methods: numerical,galaxies: kinematics and dynamics},
  pages = {1513-1536},
  file = {/Users/ChangHoon/Zotero/storage/IR4CAMUN/Old et al. - 2014 - Galaxy cluster mass reconstruction project - I. Me.pdf}
}

@article{calderon2018,
  title = {Small- and Large-Scale Galactic Conformity in {{SDSS DR7}}},
  volume = {480},
  issn = {0035-8711},
  doi = {10.1093/mnras/sty2000},
  journal = {Monthly Notices of the Royal Astronomical Society},
  author = {Calderon, Victor F. and Berlind, Andreas A. and Sinha, Manodeep},
  month = oct,
  year = {2018},
  keywords = {cosmology: observations,methods: statistical,galaxies: clusters: general,galaxies: groups: general,cosmology: large-scale structure of Universe},
  pages = {2031-2045},
  file = {/Users/ChangHoon/Zotero/storage/L33PFBL6/Calderon et al. - 2018 - Small- and large-scale galactic conformity in SDSS.pdf}
}

@article{croton2016,
  title = {Semi-{{Analytic Galaxy Evolution}} ({{SAGE}}): {{Model Calibration}} and {{Basic Results}}},
  volume = {222},
  issn = {0067-0049},
  shorttitle = {Semi-{{Analytic Galaxy Evolution}} ({{SAGE}})},
  doi = {10.3847/0067-0049/222/2/22},
  journal = {The Astrophysical Journal Supplement Series},
  author = {Croton, Darren J. and Stevens, Adam R. H. and Tonini, Chiara and Garel, Thibault and Bernyk, Maksym and Bibiano, Antonio and Hodkinson, Luke and Mutch, Simon J. and Poole, Gregory B. and Shattow, Genevieve M.},
  month = feb,
  year = {2016},
  keywords = {galaxies: evolution,galaxies: halos,methods: numerical,galaxies: active},
  pages = {22},
  file = {/Users/ChangHoon/Zotero/storage/4RYDDZN6/Croton et al. - 2016 - Semi-Analytic Galaxy Evolution (SAGE) Model Calib.pdf}
}

@inproceedings{tamura2016,
  address = {eprint: arXiv:1608.01075},
  title = {Prime {{Focus Spectrograph}} ({{PFS}}) for the {{Subaru}} Telescope: Overview, Recent Progress, and Future Perspectives},
  volume = {9908},
  shorttitle = {Prime {{Focus Spectrograph}} ({{PFS}}) for the {{Subaru}} Telescope},
  doi = {10.1117/12.2232103},
  booktitle = {Ground-Based and {{Airborne Instrumentation}} for {{Astronomy VI}}},
  author = {Tamura, Naoyuki and Takato, Naruhisa and Shimono, Atsushi and Moritani, Yuki and Yabe, Kiyoto and Ishizuka, Yuki and Ueda, Akitoshi and Kamata, Yukiko and Aghazarian, Hrand and Arnouts, St\'ephane and Barban, Gabriel and Barkhouser, Robert H. and Borges, Renato C. and Braun, David F. and Carr, Michael A. and Chabaud, Pierre-Yves and Chang, Yin-Chang and Chen, Hsin-Yo and Chiba, Masashi and Chou, Richard C. Y. and Chu, You-Hua and Cohen, Judith and {de Almeida}, Rodrigo P. and {de Oliveira}, Antonio C. and {de Oliveira}, Ligia S. and Dekany, Richard G. and Dohlen, Kjetil and {dos Santos}, Jesulino B. and {dos Santos}, Leandro H. and Ellis, Richard and Fabricius, Maximilian and Ferrand, Didier and Ferreira, D\'ecio and Golebiowski, Mirek and Greene, Jenny E. and Gross, Johannes and Gunn, James E. and Hammond, Randolph and Harding, Albert and Hart, Murdock and Heckman, Timothy M. and Hirata, Christopher M. and Ho, Paul and Hope, Stephen C. and Hovland, Larry and Hsu, Shu-Fu and Hu, Yen-Shan and Huang, Ping-Jie and Jaquet, Marc and Jing, Yipeng and Karr, Jennifer and Kimura, Masahiko and King, Matthew E. and Komatsu, Eiichiro and Le Brun, Vincent and Le F\`evre, Olivier and Le Fur, Arnaud and Le Mignant, David and Ling, Hung-Hsu and Loomis, Craig P. and Lupton, Robert H. and Madec, Fabrice and Mao, Peter and Marrara, Lucas S. and {Mendes de Oliveira}, Claudia and Minowa, Yosuke and Morantz, Chaz and Murayama, Hitoshi and Murray, Graham J. and Ohyama, Youichi and Orndorff, Joseph and Pascal, Sandrine and Pereira, Jefferson M. and Reiley, Daniel and Reinecke, Martin and Ritter, Andreas and Roberts, Mitsuko and Schwochert, Mark A. and Seiffert, Michael D. and Smee, Stephen A. and Sodre, Laerte and Spergel, David N. and Steinkraus, Aaron J. and Strauss, Michael A. and Surace, Christian and Suto, Yasushi and Suzuki, Nao and Swinbank, John and Tait, Philip J. and Takada, Masahiro and Tamura, Tomonori and Tanaka, Yoko and Tresse, Laurence and Verducci, Orlando and Vibert, Didier and Vidal, Clement and Wang, Shiang-Yu and Wen, Chih-Yi and Yan, Chi-Hung and Yasuda, Naoki},
  month = aug,
  year = {2016},
  pages = {99081M},
  file = {/Users/ChangHoon/Zotero/storage/N6I7YXWQ/Tamura et al. - 2016 - Prime Focus Spectrograph (PFS) for the Subaru tele.pdf}
}


